1929 3200
787 216 1070 257 —16—

156 331 348 388 legendis
375 344 461 375 non
483 330 737 374 desiderium
761 329 907 374 iudicii
924 328 978 372 de
1001 327 1357 384 eoXenophontei
1376 326 1549 384 capiat?
1576 320 1695 372 Nihil

159 404 212 448 de
241 402 446 460 singulari
466 402 558 446 eius
583 401 765 459 ingenio,
791 401 1017 446 virtutibus
1040 400 1201 458 pariter
1221 403 1351 457 atque
1372 398 1487 443 vitiis
1501 397 1695 457 insignis,

158 475 397 531 accipimus.
438 474 504 517 Ex
518 473 695 517 diversis
718 473 945 525 hominum,
976 486 1086 528 quae
1109 471 1352 524 afferuntur,
1380 471 1547 515 iudiciis
1566 478 1693 527 (quae

158 546 365 591 sectiones
391 543 536 588 multis
564 544 667 589 locis
693 547 840 601 aperte
868 548 1092 601 corruptae
1119 546 1257 597 sunt),
1287 546 1432 587 utrum
1457 540 1692 600 Xenophon

159 631 187 662 a
212 617 476 661 laudantium
503 630 560 660 an
587 616 916 660 detrectatorum
941 619 1065 672 parte
1092 604 1278 667 steterit,
1315 627 1399 658 non
1421 615 1564 670 liquet.
1623 613 1692 658 Ad

158 693 428 746 postremum,
458 688 572 744 quod
599 687 828 732 nonnullae
861 700 950 738 res,
997 700 1102 742 quas
1134 686 1250 742 apud
1276 685 1382 730 alios
1410 685 1608 743 legimus,
1644 686 1692 729 in

157 761 386 804 Hellenicis
403 760 708 811 desiderantur,
737 773 866 815 aegre
881 759 1067 802 ferimus.
1096 758 1366 801 Potissimum
1382 757 1692 813 vituperatione

158 832 331 888 dignum
360 835 436 883 est,
465 831 579 886 quod
602 831 675 886 qui
704 830 861 874 fuerint
887 829 950 873 illi
972 829 1161 872 homines
1189 828 1330 873 furore
1354 829 1576 881 occaecati,
1605 828 1689 884 qui,

157 903 278 948 clade
300 902 415 958 apud
428 901 601 945 Notium
627 905 813 957 accepta,
843 904 891 943 ut
910 900 1120 944 Alcibiadi
1145 914 1291 943 rursus
1317 901 1539 956 imperium
1566 899 1691 943 modo

156 978 376 1031 acceptum
403 974 705 1029 abrogaretur,
744 987 771 1016 a
799 972 956 1029 populo
981 972 1192 1016 levissimo
1213 972 1564 1027 impetraverunt,
1605 984 1690 1014 non

157 1047 262 1091 dicit
289 1046 355 1099 (cf.
384 1045 416 1097 I,
442 1049 480 1097 5,
509 1049 590 1099 16).
620 1044 870 1100 Quanquam
893 1044 1127 1100 Xenophon
1154 1044 1247 1100 ipse
1271 1056 1355 1086 non
1383 1043 1560 1096 dubitat,
1588 1043 1689 1097 quin

156 1119 273 1163 illam
302 1118 465 1163 cladem
492 1117 735 1161 Alcibiades
762 1131 847 1161 non
870 1116 1135 1161 commiserit.
1180 1115 1407 1159 Praeterea
1430 1130 1524 1160 cum
1541 1115 1690 1159 Volck-

156 1204 274 1235 maro
302 1191 343 1244 (1.
370 1205 402 1234 c.
418 1204 461 1246 p.
481 1193 553 1242 31)
594 1189 782 1246 profecto
820 1189 1047 1234 dolendum
1086 1191 1171 1241 est,
1218 1188 1331 1244 quod
1366 1189 1597 1232 orationem
1632 1188 1688 1232 ab

158 1261 378 1306 Alcibiade
404 1262 450 1304 in
486 1264 637 1303 senatu
673 1260 886 1312 habitam,
925 1275 1010 1316 qua
1044 1260 1335 1316 mysteriorum
1370 1260 1579 1303 laesorum
1612 1259 1693 1303 cri·

155 1347 254 1377 men
288 1332 466 1383 refellit,
507 1330 744 1387 Xenophon
774 1332 861 1375 suis
890 1331 1203 1375 narrationibus
1231 1344 1315 1374 non
1350 1331 1538 1374 inseruit.
1596 1330 1689 1382 Qua

159 1405 213 1449 de
241 1417 289 1447 re
318 1404 399 1447 hoo
426 1406 591 1447 tantum
621 1402 752 1446 habet
790 1403 840 1458 (Ι,
880 1407 918 1455 4,
945 1406 1033 1454 20):
1076 1396 1478 1458 ἀπολογησάμενος,
1516 1417 1578 1453 ως
1606 1397 1688 1444 οὐκ

153 1471 362 1534 ἠσεβήκει.
1691 1463 1696 1467 ”

291 1547 343 1590 In
370 1546 469 1590 libri
495 1547 516 1590 I
543 1546 682 1601 capite
702 1549 727 1588 5
758 1547 803 1589 in
829 1546 1012 1589 medium
1038 1546 1251 1601 prodeunt
1279 1545 1362 1589 duo
1387 1545 1477 1597 viri,
1501 1546 1573 1602 qui
1586 1545 1687 1590 inde

155 1618 211 1663 ab
239 1617 321 1661 hoc
347 1622 537 1673 tempore
564 1619 609 1661 in
636 1618 763 1661 rebus
796 1617 1052 1661 Graecorum
1080 1618 1260 1661 maxime
1289 1617 1550 1673 praecellunt
1560 1623 1579 1670 ,⁸
1608 1617 1686 1675 Ly·

156 1690 312 1734 sander
346 1692 389 1732 et
428 1688 572 1745 Cyrus.
640 1688 720 1740 Qui
760 1689 969 1744 quomodo
1008 1689 1184 1733 consilia
1216 1689 1273 1733 ad
1319 1703 1421 1746 opes
1460 1689 1693 1734 Athenien-

155 1761 264 1804 sium
299 1759 590 1816 infringendas
626 1760 977 1813 consociaverint,
1025 1760 1181 1816 optime
1220 1760 1456 1816 Xenophon
1493 1761 1686 1817 explicat.

155 1831 353 1888 Sequitur
369 1831 588 1876 calamitas
615 1831 702 1884 illa,
727 1831 773 1874 in
789 1845 915 1887 quam
940 1831 1088 1876 classis
1112 1831 1442 1885 Atheniensium,
1470 1833 1688 1878 Alcibiade

152 1903 349 1956 absente,
386 1903 503 1958 apud
529 1902 702 1946 Notium
734 1902 893 1946 incidit.
953 1902 1071 1955 Quae
1094 1917 1224 1948 causa
1250 1903 1379 1947 fuerit
1403 1904 1568 1949 itineris
1597 1905 1687 1949 eius

153 1975 211 2019 ad
237 1974 556 2030 Thrasybulum,
583 1987 608 2017 e
636 1973 915 2030 Xenophonte
951 1987 1037 2017 non
1068 1979 1249 2031 apparet
1286 1979 1414 2031 atque
1436 1974 1687 2020 Plutarchus

154 2044 301 2099 (Alcib.
324 2059 357 2089 c.
376 2049 448 2098 35)
477 2048 521 2088 et
547 2044 761 2088 Diodorus
790 2045 844 2089 de
874 2045 1022 2089 eadem
1046 2045 1158 2089 inter
1184 2059 1230 2090 se
1258 2045 1522 2090 dissentiunt.
1580 2046 1687 2090 Tum

152 2115 223 2159 hic
249 2115 366 2159 aliud
393 2116 663 2160 obscuritatis
690 2115 1021 2172 Xenophonteae
1044 2117 1279 2173 exemplum
1303 2117 1496 2170 occurrit,
1518 2118 1631 2174 quod
1659 2132 1688 2163 a

154 2186 411 2233 Schneidero
438 2187 689 2242 interprete,
728 2187 801 2242 qui
836 2187 882 2230 in
913 2186 980 2231 his
1016 2188 1144 2232 rebus
1179 2188 1498 2245 diligentissime
1527 2190 1688 2235 versari

153 2257 280 2309 solet,
330 2270 481 2311 parum
513 2270 768 2312 perpensum
806 2270 898 2300 esse
936 2258 1070 2301 video.
1144 2258 1255 2309 Quid
1286 2258 1594 2316 Thrasybulum
1634 2275 1686 2305 ex

154 2327 338 2372 Thracia
363 2340 578 2371 reversum
601 2328 658 2371 ad
677 2328 927 2380 Phocaeam,
954 2329 1008 2372 de
1033 2342 1121 2384 qua
1144 2329 1250 2372 nihil
1267 2330 1407 2375 adhuc
1433 2331 1556 2376 nobis
1577 2345 1685 2376 com-

153 2401 321 2454 pertum
350 2402 436 2452 est,
473 2399 802 2456 oppugnandam
836 2399 1030 2457 impulit?
1068 2400 1274 2455 (τειχίςειν
1301 2400 1502 2446 inusitate
1530 2387 1687 2447 dictum

153 2482 232 2524 pro
263 2465 381 2512 ἄπο·
418 2471 505 2514 sive
539 2470 860 2526 περιτειχίζειν),
919 2470 1013 2523 Qua
1054 2471 1107 2514 de
1147 2485 1275 2515 causa
1310 2472 1551 2517 Alcibiades
1588 2474 1687 2519 huic

153 2540 273 2597 operi
305 2540 510 2584 interesse
538 2541 671 2584 voluit
698 2540 812 2596 quod
839 2542 984 2598 magni
1019 2543 1220 2585 momenti
1256 2541 1387 2587 fuisse
1411 2545 1685 2600 suspicamur,

155 2625 295 2667 quum,
327 2615 374 2655 ut
400 2612 481 2656 hoc
507 2612 682 2665 videret,
711 2612 934 2669 imperium
961 2613 1108 2658 classis
1136 2615 1366 2659 temeritati
1380 2616 1575 2660 Antiochi
1593 2631 1687 2673 per-

151 2683 372 2728 mitteret?
400 2682 512 2727 Num
536 2683 834 2741 Thrasybulus,
862 2684 1019 2741 oppido
1047 2689 1184 2742 capto,
1213 2686 1327 2743 quod
1342 2688 1565 2744 exoptavit,
1592 2702 1686 2745 per·

151 2755 282 2801 fecit?
333 2753 431 2808 Cui,
466 2755 540 2812 qui
564 2755 677 2800 hunc
704 2755 841 2801 locum
867 2756 991 2816 legit,
1036 2757 1142 2803 haec
1169 2759 1310 2804 omnia
1335 2772 1419 2803 non
1444 2759 1687 2817 quaerenda

150 2827 376 2871 videntur?
402 2825 485 2869 Sed
502 2828 817 2883 Xenophontem
833 2829 956 2872 nobis
984 2843 1283 2886 responsurum
1297 2844 1391 2873 esse
1402 2832 1687 2888 nequidquam

153 2912 384 2957 speramus.
442 2897 508 2942 Ex
534 2899 782 2956 insequente
815 2900 992 2947 demum1
1021 2901 1160 2957 capite
1188 2904 1231 2956 (ξ
1258 2905 1349 2956 34),
1385 2902 1461 2947 ubi
1489 2916 1686 2961 magnam

151 2969 580 3015 Lacedaemoniorum
607 2974 795 3027 partem,
834 2972 956 3017 clade
991 2971 1108 3029 apud
1135 2972 1368 3030 Arginusas
1403 2977 1600 3030 accepta,
1635 2986 1688 3019 eo
