1929 3200
810 189 1091 240 ,34-

187 310 400 365 nophonte
427 313 606 355 maxime
632 312 837 356 laudabili
867 312 1087 369 diligentia
1116 314 1368 370 explicatur,
1409 313 1565 371 quippe
1590 313 1714 370 quein

186 383 241 427 ab
270 383 456 440 Agesilai
486 384 538 428 de
565 384 806 429 foedissima
829 384 948 429 clade
962 386 1155 428 nuntium
1171 385 1414 443 accipientis
1432 385 1565 430 latere
1584 384 1714 431 tuisse

185 456 529 499 verisimillimum
558 457 614 499 sit
650 457 716 508 (cf.
746 457 874 499 Grote
906 456 940 499 V
968 469 1010 512 p.
1041 461 1148 507 277).
1216 459 1273 501 At
1300 457 1531 512 complures
1554 457 1623 501 hic
1645 461 1713 501 oe·
1739 474 1742 477 ·

186 531 361 570 currunt
388 527 469 570 loci
501 532 544 571 et
573 542 624 571 ex
659 533 750 571 toto
774 529 975 571 orationis
1016 542 1203 572 connexu
1241 529 1362 572 eiecti
1402 532 1444 571 et
1475 528 1605 571 nimia
1642 528 1713 573 ob-

185 599 385 641 scuritate
424 599 621 655 insignes.
692 599 783 641 Duo
825 599 1015 655 exempla
1048 600 1199 643 afferre
1239 601 1340 643 satis
1378 599 1525 642 habeo.
1564 598 1641 651 IV,
1673 604 1712 651 4,

189 674 241 711 14
271 670 426 713 bellum
447 671 546 714 inde
575 685 625 714 ex
645 675 843 726 tempore,
875 686 957 726 quo
977 672 1170 716 Praxitas
1194 672 1545 716 Lacedaemonius
1563 670 1712 715 Sidun-

183 744 230 784 ta
257 745 300 784 et
327 740 601 799 Crommyona
631 744 753 800 cepit,
779 756 806 786 a
823 743 1026 787 militibus
1055 744 1321 788 mercenariis
1351 746 1513 799 gestum
1542 754 1634 787 esse
1657 742 1736 803 leg

184 812 331 867 gimus.
390 813 511 863 Quod
538 814 607 856 hic
635 815 775 856 verbis
792 816 1036 869 exponitur:
1067 815 1116 856 ἐκ
1142 815 1189 857 δὲ
1213 810 1373 857 τούτου
1389 809 1565 868 μεγάλαι
1589 821 1712 870 στρα-

182 883 269 926 τιαὶ
297 880 517 940 ἑκατέρων
548 884 861 938 διεπέπαυντο,
890 882 1114 941 φρουροὺς
1140 885 1186 929 δὲ
1213 885 1458 941 πέμπουσαι
1486 882 1529 927 αἱ
1553 879 1711 938 πόλεις,

183 952 226 995 αἱ
253 954 332 1010 μὲν
363 954 406 1005 ἐς
435 951 683 1012 Κόρινθον,
710 955 752 997 αἱ
775 957 822 998 δὲ
862 955 905 1007 ἐς
933 958 1163 1007 Σικυῶνα,
1209 952 1453 1008 ἐφύλαττον
1489 953 1544 997 τὰ
1586 957 1711 1011 τείχη”

183 1022 486 1084 μισθοφόρους
513 1044 560 1084 γε
588 1026 672 1085 μὴν
702 1025 899 1085 ἑκάτεροι
935 1027 1106 1085 ἔχοντες
1142 1024 1213 1071 διὰ
1251 1022 1423 1071 τούτων
1457 1025 1713 1085 ἐῤῥωμένως

183 1096 436 1155 ἐπολέμουν.
496 1100 608 1151 Quos
634 1101 841 1143 exercitus
860 1101 1026 1142 nomine
1045 1113 1288 1156 magnorum
1302 1099 1518 1154 appellat?
1552 1099 1711 1154 Nempe

183 1182 265 1223 eos,
296 1170 368 1225 qui
395 1170 556 1214 civibus
587 1172 859 1223 constabant,
887 1175 934 1213 ut
963 1185 1014 1215 ex
1050 1184 1148 1214 voce
1176 1164 1478 1226 μισθοφόρους
1504 1171 1711 1213 contrarie

184 1242 324 1298 posita
353 1243 589 1287 coniicitur.
649 1242 732 1286 Sed
768 1242 848 1286 hoc
873 1242 1095 1286 dicendum
1126 1245 1228 1286 erat.
1286 1242 1334 1292 Ii,
1359 1255 1463 1297 quos
1491 1238 1714 1297 φρουροὺς

181 1313 395 1369 appellat,
426 1317 568 1356 utrum
598 1318 641 1356 et
668 1314 751 1369 ipsi
784 1328 835 1356 ex
860 1314 1018 1356 civibus
1047 1314 1266 1368 compositi
1296 1316 1417 1354 erant
1452 1325 1508 1354 an
1537 1322 1588 1354 ex
1606 1320 1709 1355 'con-

182 1384 406 1428 ducticiis?
464 1382 681 1436 Quomodo
706 1384 860 1428 fectum
889 1388 966 1435 est,
995 1387 1044 1427 ut
1065 1384 1163 1427 inde
1202 1397 1253 1427 ex
1280 1382 1359 1427 hoc
1390 1384 1483 1439 ipso
1522 1387 1709 1439 tempore

182 1455 292 1499 cives
322 1455 368 1498 in
397 1469 581 1512 pugnam
613 1455 867 1499 descendere
889 1451 1157 1498 desinerent?
1218 1454 1344 1497 Cuius
1359 1456 1421 1496 rei
1436 1467 1584 1497 causas
1614 1468 1709 1510 cog·

181 1540 355 1570 noscere
387 1528 480 1582 quis
516 1541 599 1570 non
650 1528 835 1583 gestiat?
875 1526 941 1581 (cf.
967 1526 1159 1570 Schneid.
1202 1530 1244 1569 et
1273 1526 1482 1570 Breitenb.
1513 1527 1569 1569 ad
1597 1522 1636 1569 h.
1667 1527 1710 1576 1.)

186 1597 376 1641 Alterum
411 1598 647 1655 exemplum
681 1602 746 1642 est
782 1597 871 1641 hoc.
930 1597 979 1640 In
1019 1595 1204 1640 eiusdem
1243 1597 1393 1652 capitis
1436 1598 1618 1641 sectione
1657 1599 1711 1639 17>

182 1667 427 1711 Corinthum
454 1684 481 1712 a
508 1667 863 1719 Lacedaemoniis,
893 1669 1042 1711 castris
1069 1669 1230 1723 positis,
1260 1669 1440 1711 cinctam
1463 1668 1592 1711 fuisse
1616 1681 1710 1711 nar-

181 1743 260 1782 rat
318 1740 424 1783 Tum
452 1740 738 1793 Athenienses,
771 1753 872 1796 opes
902 1734 1085 1796 (ῥώμην)
1116 1752 1260 1782 eorum
1274 1743 1518 1791 metuentes,
1546 1742 1709 1795 partem

182 1824 403 1864 murorum,
434 1827 559 1867 quam
586 1813 783 1855 Praxitas
810 1810 1043 1867 Spartanus
1078 1810 1321 1861 disiecerat,
1358 1811 1708 1854 restauraverunt

182 1882 279 1932 Sed,
305 1883 512 1937 quomodo
536 1883 595 1934 id,
626 1883 826 1926 Corintho
849 1882 1034 1935 undique
1062 1881 1363 1932 circumventa,
1393 1881 1485 1925 fieri
1513 1882 1709 1937 potueritq‘

181 1952 351 1997 difficile
378 1954 640 2010 intelligitur.
701 1953 745 1996 Si
774 1952 973 2009 Spartani
997 1952 1108 1995 circa
1134 1952 1281 1996 urbem
1310 1952 1435 1995 modo
1463 1953 1557 2004 huc,
1585 1951 1709 1995 modo

180 2023 280 2066 illuc
310 2028 449 2066 castra
478 2027 707 2074 moverunt,
738 2037 863 2077 quam
894 2024 1283 2077 interpretationem
1314 2024 1368 2066 ab
1388 2023 1468 2066 hoe
1494 2023 1585 2066 loeo
1616 2022 1709 2075 (5⁶15ss

180 2096 274 2149 κλῳ
300 2095 399 2149 περὶ
424 2090 476 2137 τὸ
507 2090 613 2136 ἂστυ
643 2094 993 2149 τῶνΚορινθίων
1024 2089 1478 2149 ἐστρατοπεδὲύσντο)
1487 2106 1570 2143 non
1609 2093 1708 2137 alie

181 2178 280 2208 nam
307 2179 400 2209 esse
426 2170 540 2220 puto,
570 2165 804 2209 obscuritas
829 2165 1031 2208 orationis
1061 2169 1174 2208 recte
1204 2165 1549 2221 reprehenditur,
1588 2172 1709 2244 quae,

182 2246 237 2278 ne
265 2248 388 2278 verus
417 2248 557 2278 rerum
588 2239 724 2278 status
752 2236 1042 2290 perspiciatur,
1071 2235 1368 2291 impedimento
1397 2240 1472 2278 est

318 2307 456 2360 Atque
484 2306 751 2361 expeditione
781 2306 966 2361 Agesilai
984 2306 1196 2349 adversus
1224 2307 1464 2350 Acarnanes
1502 2306 1711 2361 copiosius

183 2390 309 2431 quam
332 2390 411 2431 pro
438 2380 662 2429 momento,
692 2376 804 2432 quod
830 2377 876 2419 in
916 2389 966 2419 ea
1006 2376 1061 2419 ad
1092 2377 1312 2420 universes
1351 2390 1419 2420 res
1456 2375 1714 2419 Graecorum

183 2450 289 2498 erat,
317 2448 529 2502 descripta
559 2448 634 2500 (IV
652 2462 683 2490 c.
709 2453 764 2501 6),
793 2447 1027 2502 Xenophon
1044 2448 1100 2489 ad
1117 2461 1185 2489 res
1201 2448 1446 2497 maritimas,
1478 2460 1583 2501 quae
1612 2449 1713 2491 inde

182 2531 210 2562 a
238 2531 381 2574 pugna
400 2519 599 2563 Cnidensi
626 2520 671 2561 in
701 2520 826 2563 Asiae
856 2520 953 2568 oris,
984 2508 1268 2572 HellespontO,¹
1296 2519 1402 2561 mari
1421 2519 1560 2574 Aegeo
1590 2523 1711 2575 gesta

185 2592 303 2641 sunt,
328 2591 554 2633 revertitur
583 2590 657 2643 (IV
687 2604 718 2633 c.
752 2593 806 2645 8).
866 2589 975 2641 Quid
1005 2588 1149 2632 Conon
1178 2593 1219 2631 et
1247 2588 1557 2642 Pharnabazus,
1578 2591 1711 2634 ‚socie-

181 2664 271 2704 tate
299 2662 419 2712 inita,
449 2665 701 2715 spectarent,
729 2676 812 2715 qua
841 2662 1047 2704 communi
1075 2661 1276 2711 utilitate,
1308 2665 1355 2703 ut
1382 2661 1608 2705 consociati
1634 2663 1711 2706 ads

182 2746 327 2776 versus
356 2732 709 2776 Lacedaemonios
734 2736 982 2789 pugnarent,
1013 2732 1346 2789 impellerentur,
1368 2731 1473 2776 haec
1500 2733 1711 2789 explicare

183 2805 328 2856 noluit,
358 2808 402 2848 et
429 2806 567 2848 causis
594 2809 744 2857 rerum,
773 2810 820 2848 ut
850 2820 987 2860 saepe,
1017 2805 1218 2860 neglectis
1248 2804 1313 2849 'vel
1341 2818 1490 2858 parum
1518 2806 1707 2861 cognitis,

181 2876 300 2932 ipsas
328 2890 397 2919 res
439 2876 646 2932 quomodo
674 2876 813 2921 factae
841 2878 946 2927 sint,
992 2890 1167 2920 narrare
1208 2876 1312 2921 satis
1349 2876 1511 2921 habuit.
1569 2877 1714 2933 Atquin?

184 2949 238 2991 de
264 2948 332 2991 his
372 2948 549 2992 ducibus
585 2962 705 2992 arma
745 2948 1090 3004 coniungentibus
1128 2949 1213 2991 iam
1249 2947 1367 3003 prius
1405 2952 1440 2991 ei
1487 2948 1708 2993 dicendum
