1929 3200
848 160 1131 200 -37-

233 270 404 324 quando
431 271 526 314 fieri
555 270 704 326 potuit,
733 284 762 314 a
787 271 1148 316 Mantineensibus
1175 271 1222 315 in
1247 272 1469 328 pristinum
1506 275 1663 318 statum
1690 284 1755 316 re·

231 340 359 388 ducta
386 343 454 396 sit,
484 342 597 400 quod
616 342 708 399 ipse
736 346 884 389 narrat
911 342 997 399 (VI,
1028 346 1067 397 5,
1097 346 1152 398 3).

364 415 504 471 Atque
528 414 705 459 eandem
729 415 980 459 iniustitiam
1000 415 1324 459 Lacedaemonii
1352 428 1479 470 quum
1509 417 1637 472 paulo
1659 419 1758 472 post

229 486 295 541 (V,
321 492 359 539 2,
389 488 434 543 8)
460 485 659 531 Phliasiis
676 485 833 530 bellum
857 485 1072 539 inferrent,
1102 486 1419 539 commiserunt,
1454 486 1569 543 quod
1587 499 1641 530 ex
1658 499 1755 531 cau-

229 558 300 611 sis,
328 571 436 615 quas
454 556 689 615 Xenophon
715 557 954 602 incredibili
979 558 1241 616 ingenuitate
1269 558 1605 614 sinceritateque,
1635 558 1757 614 quasi

228 643 371 675 omnes
394 633 510 675 recte
538 644 585 674 se
610 629 868 683 habuissent,
896 630 1078 688 exponit,
1105 630 1306 677 videmus.
1363 630 1429 674 Ex
1457 630 1505 684 V,
1533 635 1572 683 3,
1600 635 1656 673 20
1683 629 1758 674 ubi

228 701 473 760 Agesipolin
499 697 742 745 ἀντίπαλον
761 702 949 759 Agesilai
975 701 1106 747 fuisse
1126 702 1315 760 legimus,
1341 701 1417 747 sed
1442 715 1518 746 cur
1545 701 1586 746 ei
1611 701 1757 746 adver-

229 776 347 818 satus
376 773 434 816 sit
459 773 516 817 ab
540 775 711 817 auctore
738 773 971 826 omittitur,
994 776 1039 818 et
1069 787 1122 818 ex
1159 773 1219 827 V,
1250 778 1298 826 3,
1328 778 1401 827 16,
1440 773 1514 818 ubi
1551 772 1758 830 quosdam
1815 808 1819 812 .

226 843 582 889 Lacedaemonios
615 844 670 887 de
697 843 963 901 expeditione
991 844 1037 888 in
1055 843 1295 888 Phliuntem
1321 844 1635 901 expostulantes
1655 844 1759 889 facit

228 915 531 960 coniiciendum
556 917 641 967 est,
674 915 1030 960 Lacedaemonios
1056 916 1174 973 ipsos
1203 915 1295 959 de
1281 929 1394 967 iure,
1433 929 1518 972 quo
1553 915 1665 961 hanc
1690 929 1758 959 ur-

227 986 325 1032 bem
353 986 545 1044 aggressi
572 989 705 1038 erant‚
734 986 997 1031 dissensisse.
1056 986 1217 1039 Quibus
1244 986 1348 1031 locis
1377 987 1415 1030 si
1441 986 1564 1031 Diod.
1593 986 1683 1040 XV,
1704 992 1757 1030 19

227 1058 366 1101 locum
408 1057 587 1101 discidia
620 1071 768 1114 regum
809 1057 976 1101 illorum
1003 1057 1254 1113 explicantis
1299 1056 1590 1114 adiungimus,
1626 1057 1758 1101 mani-

227 1128 338 1173 festo
365 1131 558 1185 apparet,
584 1128 721 1172 multa
747 1128 817 1173 hic
845 1131 890 1172 et
916 1128 1143 1185 praecipue
1169 1142 1279 1185 quae
1310 1128 1368 1172 ad
1404 1128 1652 1173 intestinum
1678 1128 1757 1173 rei-

227 1200 422 1256 publicae
464 1200 698 1245 Laconicae
735 1203 892 1244 statum
928 1200 1264 1257 cognoscendum
1296 1199 1537 1244 necessaria
1571 1203 1690 1251 sunt,
1730 1213 1758 1242 a

226 1270 523 1329 Xenophonte,
553 1271 626 1328 qui
657 1270 746 1315 fere
794 1271 901 1315 nihil
936 1270 1110 1329 respicit
1144 1271 1229 1315 nisi
1263 1284 1333 1315 res
1368 1270 1566 1323 bellicas,
1600 1271 1759 1315 omissa

226 1356 330 1386 esse.

359 1412 522 1457 Bellum
549 1412 844 1470 Olynthiacum
874 1413 988 1469 quod
1014 1416 1104 1457 tam
1132 1413 1299 1470 copiose
1329 1426 1381 1457 ac
1410 1412 1637 1470 diligenter
1664 1412 1758 1456 des-

226 1485 387 1541 cripsit,
410 1485 534 1529 valde
563 1485 771 1529 laetamur
799 1497 878 1529 nec
904 1485 1043 1529 minus
1071 1484 1348 1537 delectamur,
1373 1498 1502 1541 quum
1530 1483 1759 1530 dilucidam

227 1559 272 1599 et
299 1559 493 1600 ornatam
523 1556 576 1600 de
604 1555 850 1613 turpissima
877 1555 1087 1600 Cadmeae
1124 1556 1400 1612 occupatione
1436 1558 1480 1599 et
1511 1555 1566 1600 de
1605 1554 1759 1599 audaci

226 1627 415 1671 exsulum
435 1626 730 1671 Thebanorum
756 1625 952 1680 facinore,
982 1639 1066 1682 quo
1092 1628 1277 1683 patriam
1304 1627 1552 1671 foedissima
1572 1626 1757 1670 domina-

224 1698 339 1743 tione
367 1698 673 1750 liberaverunt,
702 1698 987 1742 narrationem
1023 1697 1233 1755 legamus,
1275 1701 1323 1742 ut
1350 1711 1592 1754 quanquam
1620 1696 1758 1741 Xeno-

225 1771 341 1828 phon
365 1771 410 1815 in
438 1770 615 1828 singulis
640 1770 895 1826 quibusdam
930 1769 1057 1815 rebus
1088 1783 1116 1815 a
1137 1774 1333 1827 posterae
1360 1770 1515 1815 aetatis
1543 1769 1757 1826 scriptori-

225 1841 305 1885 bus
335 1841 550 1897 discrepat
576 1841 648 1896 (de
677 1841 829 1896 quibus
859 1832 909 1884 ci.
938 1840 1153 1894 Sievers.)‚
1181 1841 1306 1885 fidem
1335 1845 1479 1885 tamen
1518 1841 1559 1883 ei
1596 1840 1757 1885 habere

225 1927 309 1956 non
335 1913 583 1957 dubitemus.
640 1912 723 1957 Hic
742 1913 897 1968 aliquis
921 1913 1108 1965 miretur,
1131 1913 1245 1969 quod
1272 1927 1358 1957 non
1378 1913 1512 1957 solum
1533 1926 1619 1956 non
1647 1926 1756 1957 oom-

224 1987 439 2035 memorat,
464 1983 711 2040 Pelopidam
735 1983 870 2044 multa
896 1984 955 2028 ad
977 1983 1219 2029 libertatem
1246 1984 1415 2042 patriae
1447 1982 1757 2028 restituendam

226 2056 453 2098 contulisse
481 2055 558 2098 sed
586 2069 640 2098 ne
660 2068 812 2098 nomen
842 2055 1012 2110 quidem
1037 2056 1118 2098 viri
1140 2056 1364 2100 clarissimi
1388 2056 1500 2099 inter
1517 2055 1757 2099 coniuratos

226 2126 342 2183 apud
367 2125 688 2183 Xenophontem
713 2126 936 2171 invenitur.
995 2125 1124 2171 Cuius
1142 2127 1206 2172 rei
1234 2126 1460 2185 singularis
1481 2139 1653 2171 causam
1675 2125 1758 2170 nisi

223 2197 426 2250 invidiae,
454 2213 538 2254 qua
564 2198 609 2241 in
638 2197 861 2243 Thebanos
899 2198 1114 2255 flagrabat
1149 2202 1297 2244 auctor
1310 2231 1321 2250 ,
1353 2196 1543 2243 tribuere
1569 2197 1756 2252 velimus,

223 2270 293 2315 vix
321 2269 407 2315 alia
430 2269 593 2326 reliqua
626 2272 714 2322 est,
756 2283 867 2326 quae
904 2269 1137 2328 probabilis
1175 2269 1378 2315 videatur.
1434 2267 1756 2326 Xenophontem

224 2342 334 2386 enim
361 2341 503 2385 omnia
535 2341 590 2385 de
630 2340 870 2385 Thebarum
905 2342 1158 2387 liberatione
1197 2344 1411 2398 comperta
1446 2340 1667 2391 habuisse,
1703 2353 1756 2383 ex

226 2415 429 2458 accurata
449 2411 753 2470 descriptione,
794 2426 921 2469 quam
948 2412 1239 2471 epitomatoris
1275 2424 1425 2457 manus
1460 2424 1545 2457 non
1582 2410 1758 2455 laedsse

223 2485 411 2538 videtur,
451 2484 710 2541 intelligitur.
767 2484 961 2538 Accedit,
993 2485 1107 2542 quod
1143 2485 1197 2529 de
1220 2484 1451 2541 Pelopidae
1487 2483 1755 2535 facinoribus,

223 2556 376 2612 quibus
412 2569 617 2600 summam
656 2555 835 2613 gloriam
873 2557 1130 2609 conciliavit,
1168 2559 1217 2600 ut
1247 2556 1301 2600 de
1335 2554 1499 2613 proelio
1527 2553 1756 2611 Tegyrensi

225 2626 349 2681 (Plut.
380 2626 527 2683 Pelop.
553 2626 653 2670 XVI
681 2630 725 2671 et
750 2627 895 2682 XVII;
925 2627 1049 2673 Diod.
1058 2626 1150 2681 XV,
1168 2631 1251 2681 37),
1276 2640 1360 2683 quo
1387 2639 1528 2670 moras
1543 2625 1754 2670 Lacedae-

223 2697 539 2741 daemoniorum
567 2711 740 2743 numero
762 2699 1000 2756 superiores
1019 2698 1175 2743 devicit
1203 2700 1247 2742 et
1263 2697 1317 2742 de
1338 2698 1404 2749 iis,
1434 2709 1545 2753 quae
1561 2697 1608 2740 in
1626 2696 1753 2740 Thes-

224 2769 332 2814 salia
358 2766 532 2826 postero
559 2772 750 2828 tempore
778 2770 945 2815 fortiter
972 2770 1123 2829 gessit,
1149 2769 1255 2814 nihil
1278 2769 1325 2813 in
1354 2768 1584 2813 Hellenicis
1608 2767 1753 2825 legun-

222 2843 304 2883 tur.
363 2837 502 2883 Semel
527 2839 763 2899 Xenophon
791 2842 883 2886 eius
908 2842 1163 2886 mentionem
1190 2840 1309 2893 facit,
1341 2852 1470 2896 quum
1492 2839 1604 2882 inter
1637 2838 1753 2894 lega-

224 2913 293 2955 tos
320 2909 576 2956 Graecorum
602 2913 721 2969 apud
747 2928 891 2971 regem
918 2914 1145 2960 Persarum
1171 2915 1285 2958 esset
1306 2912 1434 2968 idque
1459 2911 1542 2965 ita,
1569 2913 1620 2955 ut
1644 2909 1751 2955 The-
