1929 3200
838 172 1116 212 ,41-

347 282 461 337 Quid
497 296 642 341 pugna
676 282 733 328 ad
772 296 875 341 opes
908 283 1223 342 potentiamque
1252 283 1556 342 Spartanorum
1586 282 1734 328 debili·

212 355 366 401 tandas
394 356 461 401 vel
487 346 628 414 potius
667 356 956 414 profligandas
983 356 1182 409 valuerit,
1219 357 1453 414 Xenophon
1487 356 1622 400 noluit
1656 369 1734 400 nos

213 427 374 481 docere,
402 428 516 485 quod
542 427 868 485 haudquaquam
888 428 1101 473 miramur.
1159 428 1409 486 Quanquam
1425 429 1472 473 id
1495 442 1589 473 eum
1616 441 1734 485 pror-

214 513 286 544 sus
312 499 472 557 fugisse
497 500 567 544 vix
595 499 794 544 credibile
822 503 898 544 est.
954 500 1171 545 Hellenica
1193 501 1289 557 ipsa
1316 502 1354 544 si
1382 501 1450 545 vel
1476 501 1614 545 obiter
1639 514 1734 545 ocu-

211 571 265 615 lis
287 570 581 616 collustramus
608 574 653 615 et
676 571 791 627 quali
815 571 923 615 facie
951 571 1037 615 sint
1064 571 1163 616 inde
1187 586 1215 615 a
1242 571 1322 624 VI,
1350 568 1398 624 21,
1429 577 1480 615 17
1517 572 1651 628 usqiie
1677 571 1735 615 ad

213 641 340 687 finem
365 643 465 687 libri
489 642 580 695 VII,
605 643 931 694 consideramus,
959 646 1106 698 aperte
1133 658 1237 699 prae
1261 658 1307 688 se
1327 644 1479 695 ferunt,
1507 658 1635 699 quam
1663 643 1734 687 de-

212 713 348 760 iectae
369 713 645 772 perditaeque
672 727 741 759 res
766 727 911 759 eorum
934 712 1099 759 fuerint.
1156 714 1302 772 Neque
1331 714 1441 759 enim
1460 714 1640 772 amplius
1662 726 1734 759 eos

212 788 332 830 extra
364 785 719 841 Peloponnesum,
758 790 806 829 ut
834 787 1017 842 aliquem
1044 790 1264 838 vexarent,
1305 800 1400 830 cum
1428 787 1615 829 exercitu
1640 800 1734 842 pro-

209 857 342 902 fectos
368 871 463 901 esse
480 856 674 903 audimus
692 860 736 902 et
752 858 1007 902 maritimum
1038 858 1260 913 imperium
1276 857 1603 902 Atheniensibus
1632 856 1736 901 socii

211 926 323 971 ultro
362 931 657 972 concesserunt
692 928 749 972 ad
778 929 1073 972 necessitatem
1100 928 1284 980 redacti,
1312 928 1563 971 Laconicam
1599 928 1736 983 ipsam

210 1000 384 1056 eiusque
410 1003 538 1056 caput
574 999 776 1044 adversus
802 999 945 1045 hostes
972 1000 1116 1044 tutari.
1175 999 1292 1052 Quae
1321 1013 1449 1055 quum
1491 999 1554 1043 ita
1582 1002 1735 1050 essent,

209 1070 279 1115 vix
297 1073 401 1123 erat,
421 1070 534 1127 quod
550 1070 785 1129 Xenophon
801 1085 864 1124 ea,
895 1084 1004 1128 quae
1022 1085 1091 1116 res
1107 1072 1227 1128 ipsae
1248 1071 1549 1123 demonstrant,
1576 1069 1737 1126 liquide

211 1143 449 1199 explicaret
506 1144 557 1186 In
586 1146 771 1187 extremo
810 1144 908 1188 libri
935 1144 995 1187 VI
1034 1145 1172 1200 capite
1207 1147 1381 1199 totoque
1415 1143 1524 1187 libro
1557 1141 1637 1185 VII
1671 1156 1735 1185 re-

208 1214 418 1271 liquarum
455 1213 671 1258 civitatum
711 1214 966 1259 Graecarum
1003 1215 1130 1259 rebus
1168 1228 1341 1271 prorsus
1385 1214 1474 1258 fere
1518 1213 1735 1270 neglectis,

207 1288 371 1330 tantum
397 1285 442 1329 in
470 1285 701 1339 discordiis,
728 1287 773 1329 in
802 1300 908 1341 quas
932 1286 1276 1342 Peloponnesiaci
1301 1289 1400 1342 post
1417 1299 1603 1342 pugnam
1627 1285 1734 1328 Leu-

208 1357 403 1409 ctricam,
457 1356 669 1401 ssebanis
704 1356 857 1401 infesto
901 1358 1068 1414 agmine
1103 1357 1332 1401 identidem
1372 1357 1418 1399 in
1445 1356 1737 1419 paeninsulam

207 1428 547 1484 irrumpentibus,
564 1427 813 1481 inciderunt,
829 1432 1034 1472 versatur.
1077 1428 1325 1484 Quanquam
1349 1441 1434 1470 non
1452 1427 1604 1478 omnia,
1626 1441 1735 1482 quae

208 1499 388 1543 dicenda
416 1500 567 1551 erant,
598 1499 874 1556 reperiuntur.
932 1500 1230 1551 Athenienses,
1261 1499 1461 1542 societate
1487 1512 1581 1541 eum
1611 1497 1735 1554 Spar-

208 1571 320 1615 tanis
341 1570 458 1624 inita,
483 1571 602 1623 mari,
631 1571 705 1615 ubi
719 1585 829 1615 nunc
852 1571 932 1615 soli
958 1572 1070 1616 inter
1087 1570 1269 1615 Graecos
1287 1584 1432 1614 rursus
1454 1569 1736 1628 imperabant,

207 1656 298 1686 rem
326 1643 463 1685 acrius
492 1656 639 1697 gerere
667 1646 904 1697 coeperunt.
963 1643 1238 1693 Timotheum,
1267 1643 1385 1685 cuius
1412 1656 1481 1685 res
1516 1645 1659 1697 gestas
1687 1645 1736 1684 ut

208 1713 323 1758 Sami
347 1713 510 1758 insulae
547 1713 906 1770 recuperationem
949 1714 1092 1767 (Isocr.
1120 1714 1173 1758 de
1200 1728 1329 1770 perm.
1358 1728 1398 1770 p.
1426 1719 1480 1757 69
1494 1746 1504 1765 ,
1539 1713 1657 1757 Dem.
1682 1712 1735 1757 de

205 1785 338 1829 Rhod.
364 1785 436 1829 lib.
463 1783 504 1841 p.
536 1789 636 1839 192)
658 1786 704 1828 in
730 1785 959 1828 Hellenicis
985 1787 1165 1829 maxime
1185 1787 1370 1842 neglexit
1395 1785 1651 1840 Xenophon,
1692 1788 1736 1828 et

204 1857 459 1914 Iphicratem
497 1871 625 1912 quum
663 1858 708 1900 in
745 1857 831 1901 oris
860 1856 1131 1901 Macedoniae
1166 1861 1256 1901 tum
1295 1858 1341 1900 in
1368 1856 1647 1907 Chersoneso,
1686 1859 1736 1900 ut

205 1929 439 1987 potentiam
463 1929 629 1985 patriae
655 1929 717 1973 ibi
744 1929 951 1973 iacentem
976 1929 1187 1986 erigerent
1208 1933 1251 1972 et
1279 1928 1583 1981 confirmarent,
1613 1942 1734 1971 acres

206 2005 250 2045 et
275 2001 505 2044 industrios
533 2000 663 2044 fuisse
699 2014 785 2044 non
819 2001 1008 2057 legimus.
1067 2001 1185 2053 Quae
1226 2005 1324 2056 post
1360 2001 1524 2044 Iasonis
1556 2000 1735 2044 Pheraei

207 2073 367 2118 obitum
396 2072 586 2117 Thebani
614 2073 658 2117 in
688 2073 906 2118 Thessalia
934 2077 1157 2131 gesserunt
1185 2074 1252 2127 (cf.
1284 2087 1394 2130 quae
1424 2088 1553 2130 supra
1583 2062 1637 2118 de
1658 2073 1734 2117 Pe-

204 2145 351 2202 lopida
374 2145 582 2198 diximus),
610 2144 725 2188 haud
752 2146 892 2202 exigui
920 2147 1118 2189 momenti
1147 2146 1277 2189 fuisse
1306 2160 1358 2189 ex
1385 2146 1575 2190 obscuris
1598 2145 1735 2189 Xeno·

205 2216 375 2273 phontis
394 2216 533 2260 verbis
558 2215 819 2273 intelligitur,
849 2217 922 2272 qui
950 2216 1042 2271 VH,
1068 2222 1106 2269 1,
1126 2221 1179 2260 28
1203 2217 1480 2261 Athenienses
1507 2217 1561 2261 iis
1591 2217 1636 2260 in
1652 2217 1736 2262 hac

203 2288 375 2344 regione
386 2288 590 2331 obsistere
612 2287 846 2332 decrevisse
860 2288 988 2343 idque
1008 2288 1230 2345 Spartanis
1247 2288 1472 2344 probatum
1485 2288 1616 2331 fuisse
1635 2289 1734 2332 scri-

204 2359 278 2404 bit.
320 2358 403 2403 Sed
413 2372 549 2415 neque
568 2358 863 2403 Thabanorum
882 2374 1019 2416 neque
1034 2360 1382 2405 Atheniensium
1368 2374 1414 2403 in
1430 2359 1506 2403 illa
1519 2363 1634 2404 terra
1650 2359 1734 2403 fac-

203 2434 250 2474 ta
270 2431 453 2486 exponit.
512 2430 739 2474 Praeterea
759 2431 812 2474 de
830 2431 1159 2487 Epaminondae
1181 2432 1354 2475 consilio
1375 2431 1615 2475 Thebanis'
1602 2445 1734 2487 impe·

204 2500 311 2544 rium
340 2500 595 2544 maritimum
623 2489 803 2557 parandi
839 2502 1012 2558 eiusque
1039 2502 1286 2559 Byzantium
1320 2501 1590 2558 navigatione
1627 2500 1733 2544 nihil

202 2573 343 2617 habet.
400 2572 501 2616 Pari
529 2573 656 2617 modo
684 2573 868 2630 neglexit
895 2575 1092 2627 rationes,
1122 2588 1232 2629 quae
1259 2576 1357 2630 post
1385 2587 1542 2617 annum
1564 2577 1645 2616 371
1671 2573 1732 2616 in-

202 2648 270 2690 ter
295 2644 450 2688 Persas
484 2644 756 2701 civitatesque
785 2645 969 2690 Graecas
994 2646 1324 2691 intercedebant.
1381 2644 1475 2697 Qua
1511 2643 1565 2688 de
1603 2658 1733 2689 causa

207 2717 524 2770 Ariobarzanes,
556 2730 683 2772 quum
711 2717 939 2762 Philiscum
970 2733 1064 2763 cum
1098 2718 1300 2775 pecuniis*
1313 2718 1358 2761 in
1383 2716 1603 2760 Graeciam
1639 2717 1731 2760 mit-

203 2791 338 2842 teret,
373 2801 420 2832 se
452 2788 497 2831 in
522 2787 777 2832 Graecorum
813 2803 882 2833 res
918 2790 1229 2846 interposuerit·
1259 2802 1311 2832 ex
1351 2788 1579 2832 exilissima
1607 2788 1731 2832 huius

202 2859 267 2904 rei
293 2859 509 2903 notatione
534 2872 620 2903 non
645 2859 779 2916 liquet
807 2859 913 2915 (VII,
941 2860 973 2914 I,
1004 2865 1059 2903 27
1089 2858 1255 2917 ἔρχεται
1274 2859 1480 2911 Φιλίσκος
1498 2857 1733 2916 Ἀβυδηνὸς

202 2926 306 2987 παρ’
318 2925 673 2987 Ἀριοβαρζάνους
685 2925 878 2987 χρήματα
895 2930 1008 2988 ἔχων
1037 2928 1207 2986 πολλά).
1237 2932 1389 2976 Utrum
1403 2934 1576 2987 satrapa
1587 2945 1615 2975 a
1631 2945 1733 2987 rege
