<?xml version="1.0" encoding="UTF-8"?>
<!DOCTYPE html PUBLIC "-//W3C//DTD XHTML 1.0 Transitional//EN"
    "http://www.w3.org/TR/xhtml1/DTD/xhtml1-transitional.dtd">
<html xmlns="http://www.w3.org/1999/xhtml" xml:lang="en" lang="en">
 <head>
  <title>
</title>
<meta http-equiv="Content-Type" content="text/html;charset=utf-8" />
  <meta name='ocr-system' content='tesseract 3.04.00' />
  <meta name='ocr-capabilities' content='ocr_page ocr_carea ocr_par ocr_line ocrx_word'/>
</head>
<body>
  <div class='ocr_page' id='page_1' title='image "4626076_0029.png"; bbox 0 0 1929 3200; ppageno 0'>
   <div class='ocr_carea' id='block_1_1' title="bbox 843 106 1169 185">
    <p class='ocr_par' dir='ltr' id='par_1_1' title="bbox 843 106 1169 185">
     <span class='ocr_line' id='line_1_1' title="bbox 843 106 1169 185; baseline 0.012 -4"><span class='ocrx_word' id='word_1_1' title='bbox 843 163 900 173; x_wconf 84' lang='lat'><em>-</em></span> <span class='ocrx_word' id='word_1_2' title='bbox 955 137 1009 181; x_wconf 85' lang='lat'><strong>21</strong></span> <span class='ocrx_word' id='word_1_3' title='bbox 1071 106 1169 185; x_wconf 72' lang='grc'>-’·,</span> 
     </span>
    </p>
   </div>
   <div class='ocr_carea' id='block_1_2' title="bbox 192 250 1739 2799">
    <p class='ocr_par' dir='ltr' id='par_1_2' title="bbox 192 250 1739 1374">
     <span class='ocr_line' id='line_1_2' title="bbox 212 250 1739 303; baseline -0.001 -9"><span class='ocrx_word' id='word_1_4' title='bbox 212 250 279 303; x_wconf 70' lang='grc' dir='ltr'><strong>(οἱ.</strong></span> <span class='ocrx_word' id='word_1_5' title='bbox 309 250 437 295; x_wconf 87' lang='lat' dir='ltr'><strong>Grote</strong></span> <span class='ocrx_word' id='word_1_6' title='bbox 463 255 507 296; x_wconf 90' lang='lat' dir='ltr'><strong>et</strong></span> <span class='ocrx_word' id='word_1_7' title='bbox 521 251 741 302; x_wconf 71' lang='lat' dir='ltr'><strong>Curtium),</strong></span> <span class='ocrx_word' id='word_1_8' title='bbox 771 266 798 295; x_wconf 91' lang='lat' dir='ltr'><strong>a</strong></span> <span class='ocrx_word' id='word_1_9' title='bbox 827 251 1085 296; x_wconf 81' lang='lat' dir='ltr'><strong>Tberamene</strong></span> <span class='ocrx_word' id='word_1_10' title='bbox 1111 252 1337 296; x_wconf 79' lang='lat' dir='ltr'><strong>arcessitus</strong></span> <span class='ocrx_word' id='word_1_11' title='bbox 1364 265 1456 295; x_wconf 91' lang='lat' dir='ltr'><strong>cum</strong></span> <span class='ocrx_word' id='word_1_12' title='bbox 1484 254 1575 295; x_wconf 87' lang='lat' dir='ltr'><strong>tota</strong></span> <span class='ocrx_word' id='word_1_13' title='bbox 1603 251 1739 294; x_wconf 86' lang='lat' dir='ltr'><strong>classe</strong></span> 
     </span>
     <span class='ocr_line' id='line_1_3' title="bbox 192 321 1739 379; baseline 0.001 -14"><span class='ocrx_word' id='word_1_14' title='bbox 192 321 430 367; x_wconf 72' lang='lat' dir='ltr'><strong>-Piraeeum</strong></span> <span class='ocrx_word' id='word_1_15' title='bbox 457 323 632 366; x_wconf 81' lang='lat' dir='ltr'><strong>intravit</strong></span> <span class='ocrx_word' id='word_1_16' title='bbox 656 326 837 375; x_wconf 88' lang='lat' dir='ltr'><strong>(aestate</strong></span> <span class='ocrx_word' id='word_1_17' title='bbox 866 324 967 367; x_wconf 87' lang='lat' dir='ltr'><strong>anni</strong></span> <span class='ocrx_word' id='word_1_18' title='bbox 994 328 1078 367; x_wconf 91' lang='lat'><strong>404</strong></span> <span class='ocrx_word' id='word_1_19' title='bbox 1102 338 1140 368; x_wconf 88' lang='lat' dir='ltr'><strong>a.</strong></span> <span class='ocrx_word' id='word_1_20' title='bbox 1158 321 1259 376; x_wconf 87' lang='lat' dir='ltr'><strong>Ch.).</strong></span> <span class='ocrx_word' id='word_1_21' title='bbox 1288 323 1337 366; x_wconf 91' lang='lat' dir='ltr'><strong>In</strong></span> <span class='ocrx_word' id='word_1_22' title='bbox 1363 323 1445 367; x_wconf 92' lang='lat' dir='ltr'><strong>hoc</strong></span> <span class='ocrx_word' id='word_1_23' title='bbox 1470 325 1635 379; x_wconf 89' lang='lat' dir='ltr'><strong>tempus</strong></span> <span class='ocrx_word' id='word_1_24' title='bbox 1663 321 1739 365; x_wconf 88' lang='lat' dir='ltr'><strong>illa</strong></span> 
     </span>
     <span class='ocr_line' id='line_1_4' title="bbox 213 393 1737 450; baseline 0.001 -15"><span class='ocrx_word' id='word_1_25' title='bbox 213 406 423 437; x_wconf 87' lang='lat' dir='ltr'><strong>murorum</strong></span> <span class='ocrx_word' id='word_1_26' title='bbox 442 395 612 444; x_wconf 85' lang='lat' dir='ltr'><strong>eversio,</strong></span> <span class='ocrx_word' id='word_1_27' title='bbox 642 408 760 448; x_wconf 89' lang='lat' dir='ltr'><strong>quae,</strong></span> <span class='ocrx_word' id='word_1_28' title='bbox 787 398 835 437; x_wconf 89' lang='lat' dir='ltr'><strong>ut</strong></span> <span class='ocrx_word' id='word_1_29' title='bbox 846 394 1121 439; x_wconf 80' lang='lat' dir='ltr'><strong>Athenienses</strong></span> <span class='ocrx_word' id='word_1_30' title='bbox 1139 394 1346 450; x_wconf 78' lang='lat' dir='ltr'><strong>Lysandri</strong></span> <span class='ocrx_word' id='word_1_31' title='bbox 1366 398 1409 438; x_wconf 92' lang='lat' dir='ltr'><strong>et</strong></span> <span class='ocrx_word' id='word_1_32' title='bbox 1420 393 1737 438; x_wconf 88' lang='lat' dir='ltr'><strong>Laconistarum</strong></span> 
     </span>
     <span class='ocr_line' id='line_1_5' title="bbox 210 459 1737 520; baseline -0.001 -13"><span class='ocrx_word' id='word_1_33' title='bbox 210 464 394 507; x_wconf 85' lang='lat' dir='ltr'><strong>consiliis</strong></span> <span class='ocrx_word' id='word_1_34' title='bbox 416 477 581 520; x_wconf 86' lang='lat' dir='ltr'><strong>semper</strong></span> <span class='ocrx_word' id='word_1_35' title='bbox 604 464 857 507; x_wconf 79' lang='lat' dir='ltr'><strong>reluctantes</strong></span> <span class='ocrx_word' id='word_1_36' title='bbox 877 465 1145 509; x_wconf 81' lang='lat' dir='ltr'><strong>acerbissime</strong></span> <span class='ocrx_word' id='word_1_37' title='bbox 1163 465 1465 516; x_wconf 84' lang='lat' dir='ltr'><strong>deriderentur,</strong></span> <span class='ocrx_word' id='word_1_38' title='bbox 1493 459 1591 515; x_wconf 71' lang='lat' dir='ltr'><strong>„vn&#39;</strong></span> <span class='ocrx_word' id='word_1_39' title='bbox 1610 460 1737 520; x_wconf 75' lang='grc' dir='ltr'><em>αὐλη-</em></span> 
     </span>
     <span class='ocr_line' id='line_1_6' title="bbox 209 533 1729 591; baseline 0 -14"><span class='ocrx_word' id='word_1_40' title='bbox 209 534 406 591; x_wconf 78' lang='grc' dir='ltr'><strong><em>τρίδων“</em></strong></span> <span class='ocrx_word' id='word_1_41' title='bbox 438 535 625 590; x_wconf 85' lang='lat' dir='ltr'><strong>perfecta</strong></span> <span class='ocrx_word' id='word_1_42' title='bbox 664 539 748 586; x_wconf 88' lang='lat' dir='ltr'><strong>est,</strong></span> <span class='ocrx_word' id='word_1_43' title='bbox 784 536 941 591; x_wconf 89' lang='lat' dir='ltr'><strong>optime</strong></span> <span class='ocrx_word' id='word_1_44' title='bbox 978 536 1129 580; x_wconf 88' lang='lat' dir='ltr'><strong>cadere</strong></span> <span class='ocrx_word' id='word_1_45' title='bbox 1166 535 1269 578; x_wconf 89' lang='lat' dir='ltr'><strong>mihi</strong></span> <span class='ocrx_word' id='word_1_46' title='bbox 1304 535 1479 578; x_wconf 85' lang='lat' dir='ltr'><strong>videtur.</strong></span> <span class='ocrx_word' id='word_1_47' title='bbox 1539 533 1662 586; x_wconf 83' lang='lat' dir='ltr'><strong>Quod</strong></span> <span class='ocrx_word' id='word_1_48' title='bbox 1693 534 1729 577; x_wconf 94' lang='lat' dir='ltr'><strong>si</strong></span> 
     </span>
     <span class='ocr_line' id='line_1_7' title="bbox 209 604 1734 662; baseline -0.001 -15"><span class='ocrx_word' id='word_1_49' title='bbox 209 608 323 649; x_wconf 87' lang='lat' dir='ltr'><strong>recte</strong></span> <span class='ocrx_word' id='word_1_50' title='bbox 363 606 518 653; x_wconf 88' lang='lat' dir='ltr'><strong>sentio,</strong></span> <span class='ocrx_word' id='word_1_51' title='bbox 557 606 697 649; x_wconf 87' lang='lat' dir='ltr'><strong>verbis</strong></span> <span class='ocrx_word' id='word_1_52' title='bbox 724 606 1030 661; x_wconf 88' lang='lat' dir='ltr'><strong>Xenophontis:</strong></span> <span class='ocrx_word' id='word_1_53' title='bbox 1076 604 1182 662; x_wconf 85' lang='grc' dir='ltr'><strong><em>μετὰ</em></strong></span> <span class='ocrx_word' id='word_1_54' title='bbox 1221 607 1268 649; x_wconf 78' lang='grc' dir='ltr'><strong>δὲ</strong></span> <span class='ocrx_word' id='word_1_55' title='bbox 1304 607 1444 648; x_wconf 83' lang='grc' dir='ltr'><em>ταῦτα</em></span> <span class='ocrx_word' id='word_1_56' title='bbox 1483 605 1560 658; x_wconf 88' lang='grc' dir='ltr'><strong>(Π,</strong></span> <span class='ocrx_word' id='word_1_57' title='bbox 1594 609 1631 656; x_wconf 92' lang='grc'><strong>2,</strong></span> <span class='ocrx_word' id='word_1_58' title='bbox 1662 609 1734 655; x_wconf 90' lang='grc'><strong>23)</strong></span> 
     </span>
     <span class='ocr_line' id='line_1_8' title="bbox 209 674 1734 733; baseline -0.001 -14"><span class='ocrx_word' id='word_1_59' title='bbox 209 676 351 733; x_wconf 88' lang='lat' dir='ltr'><strong>plures</strong></span> <span class='ocrx_word' id='word_1_60' title='bbox 380 689 544 719; x_wconf 87' lang='lat' dir='ltr'><strong>menses</strong></span> <span class='ocrx_word' id='word_1_61' title='bbox 583 676 903 733; x_wconf 89' lang='lat' dir='ltr'><strong>comprehensos</strong></span> <span class='ocrx_word' id='word_1_62' title='bbox 920 682 948 729; x_wconf 89' lang='lat'><strong>¹)</strong></span> <span class='ocrx_word' id='word_1_63' title='bbox 980 681 1023 720; x_wconf 91' lang='lat' dir='ltr'><strong>et</strong></span> <span class='ocrx_word' id='word_1_64' title='bbox 1051 677 1204 721; x_wconf 89' lang='lat' dir='ltr'><strong>multas</strong></span> <span class='ocrx_word' id='word_1_65' title='bbox 1244 691 1312 720; x_wconf 90' lang='lat' dir='ltr'><strong>res</strong></span> <span class='ocrx_word' id='word_1_66' title='bbox 1356 675 1646 719; x_wconf 82' lang='lat' dir='ltr'><strong>memorabiles</strong></span> <span class='ocrx_word' id='word_1_67' title='bbox 1678 674 1734 718; x_wconf 85' lang='lat' dir='ltr'><strong>ab</strong></span> 
     </span>
     <span class='ocr_line' id='line_1_9' title="bbox 210 745 1735 805; baseline -0.001 -15"><span class='ocrx_word' id='word_1_68' title='bbox 210 760 259 791; x_wconf 91' lang='lat' dir='ltr'><strong>eo</strong></span> <span class='ocrx_word' id='word_1_69' title='bbox 288 747 374 791; x_wconf 84' lang='lat' dir='ltr'><strong>sive</strong></span> <span class='ocrx_word' id='word_1_70' title='bbox 399 747 453 791; x_wconf 87' lang='lat' dir='ltr'><strong>ab</strong></span> <span class='ocrx_word' id='word_1_71' title='bbox 475 748 564 790; x_wconf 89' lang='lat' dir='ltr'><strong>eius</strong></span> <span class='ocrx_word' id='word_1_72' title='bbox 581 749 855 803; x_wconf 89' lang='lat' dir='ltr'><strong>epitomatore</strong></span> <span class='ocrx_word' id='word_1_73' title='bbox 883 749 1058 791; x_wconf 88' lang='lat' dir='ltr'><strong>omissas</strong></span> <span class='ocrx_word' id='word_1_74' title='bbox 1074 762 1166 805; x_wconf 88' lang='lat' dir='ltr'><strong>esse</strong></span> <span class='ocrx_word' id='word_1_75' title='bbox 1186 748 1450 791; x_wconf 87' lang='lat' dir='ltr'><strong>manifestum</strong></span> <span class='ocrx_word' id='word_1_76' title='bbox 1471 750 1544 789; x_wconf 89' lang='lat' dir='ltr'><strong>est.</strong></span> <span class='ocrx_word' id='word_1_77' title='bbox 1602 745 1735 789; x_wconf 90' lang='lat' dir='ltr'><strong>Muris</strong></span> 
     </span>
     <span class='ocr_line' id='line_1_10' title="bbox 213 817 1734 875; baseline -0.001 -14"><span class='ocrx_word' id='word_1_78' title='bbox 213 818 399 869; x_wconf 78' lang='lat' dir='ltr'><strong>disiectis</strong></span> <span class='ocrx_word' id='word_1_79' title='bbox 427 819 664 874; x_wconf 85' lang='lat' dir='ltr'><strong>respublica</strong></span> <span class='ocrx_word' id='word_1_80' title='bbox 710 819 990 875; x_wconf 87' lang='lat' dir='ltr'><strong>trigintaviris</strong></span> <span class='ocrx_word' id='word_1_81' title='bbox 1017 819 1176 863; x_wconf 88' lang='lat' dir='ltr'><strong>tradita</strong></span> <span class='ocrx_word' id='word_1_82' title='bbox 1204 823 1287 870; x_wconf 90' lang='lat' dir='ltr'><strong>est,</strong></span> <span class='ocrx_word' id='word_1_83' title='bbox 1327 832 1431 873; x_wconf 92' lang='lat' dir='ltr'><strong>quos</strong></span> <span class='ocrx_word' id='word_1_84' title='bbox 1458 820 1555 873; x_wconf 88' lang='lat' dir='ltr'><strong>post</strong></span> <span class='ocrx_word' id='word_1_85' title='bbox 1581 817 1734 860; x_wconf 87' lang='lat' dir='ltr'><strong>multas</strong></span> 
     </span>
     <span class='ocr_line' id='line_1_11' title="bbox 209 888 1734 946; baseline -0.001 -13"><span class='ocrx_word' id='word_1_86' title='bbox 209 889 374 933; x_wconf 84' lang='lat' dir='ltr'><strong>demum</strong></span> <span class='ocrx_word' id='word_1_87' title='bbox 419 891 639 946; x_wconf 86' lang='lat' dir='ltr'><strong>variasque</strong></span> <span class='ocrx_word' id='word_1_88' title='bbox 685 891 832 935; x_wconf 82' lang='lat' dir='ltr'><strong>turbas</strong></span> <span class='ocrx_word' id='word_1_89' title='bbox 874 890 1103 936; x_wconf 86' lang='lat' dir='ltr'><strong>cervicibus</strong></span> <span class='ocrx_word' id='word_1_90' title='bbox 1145 890 1462 935; x_wconf 84' lang='lat' dir='ltr'><strong>Atheniensium</strong></span> <span class='ocrx_word' id='word_1_91' title='bbox 1516 888 1734 945; x_wconf 87' lang='lat' dir='ltr'><strong>impositos</strong></span> 
     </span>
     <span class='ocr_line' id='line_1_12' title="bbox 207 961 1734 1018; baseline -0.001 -15"><span class='ocrx_word' id='word_1_92' title='bbox 207 961 337 1004; x_wconf 87' lang='lat' dir='ltr'><strong>fuisse</strong></span> <span class='ocrx_word' id='word_1_93' title='bbox 366 975 417 1003; x_wconf 85' lang='lat' dir='ltr'><strong>ex</strong></span> <span class='ocrx_word' id='word_1_94' title='bbox 443 962 570 1018; x_wconf 82' lang='lat' dir='ltr'><strong>Lysia</strong></span> <span class='ocrx_word' id='word_1_95' title='bbox 600 966 643 1005; x_wconf 89' lang='lat' dir='ltr'><strong>et</strong></span> <span class='ocrx_word' id='word_1_96' title='bbox 671 962 896 1005; x_wconf 81' lang='lat' dir='ltr'><strong>Plutarcho</strong></span> <span class='ocrx_word' id='word_1_97' title='bbox 922 964 1027 1006; x_wconf 90' lang='lat' dir='ltr'><strong>satis</strong></span> <span class='ocrx_word' id='word_1_98' title='bbox 1056 966 1232 1006; x_wconf 90' lang='lat' dir='ltr'><strong>constat.</strong></span> <span class='ocrx_word' id='word_1_99' title='bbox 1293 962 1376 1005; x_wconf 88' lang='lat' dir='ltr'><strong>Sed</strong></span> <span class='ocrx_word' id='word_1_100' title='bbox 1405 963 1450 1004; x_wconf 90' lang='lat' dir='ltr'><strong>in</strong></span> <span class='ocrx_word' id='word_1_101' title='bbox 1477 961 1543 1003; x_wconf 91' lang='lat' dir='ltr'><strong>his</strong></span> <span class='ocrx_word' id='word_1_102' title='bbox 1569 973 1734 1015; x_wconf 89' lang='lat' dir='ltr'><strong>quoque</strong></span> 
     </span>
     <span class='ocr_line' id='line_1_13' title="bbox 206 1031 1731 1090; baseline 0.001 -16"><span class='ocrx_word' id='word_1_103' title='bbox 206 1032 332 1075; x_wconf 89' lang='lat' dir='ltr'><strong>rebus</strong></span> <span class='ocrx_word' id='word_1_104' title='bbox 360 1033 578 1077; x_wconf 88' lang='lat' dir='ltr'><strong>Hellenica</strong></span> <span class='ocrx_word' id='word_1_105' title='bbox 591 1067 601 1084; x_wconf 95' lang='lat'><strong>,</strong></span> <span class='ocrx_word' id='word_1_106' title='bbox 630 1048 873 1088; x_wconf 86' lang='lat' dir='ltr'><strong>quanquam</strong></span> <span class='ocrx_word' id='word_1_107' title='bbox 901 1049 927 1078; x_wconf 90' lang='lat' dir='ltr'><strong>a</strong></span> <span class='ocrx_word' id='word_1_108' title='bbox 958 1034 1161 1090; x_wconf 88' lang='lat' dir='ltr'><strong>scriptore</strong></span> <span class='ocrx_word' id='word_1_109' title='bbox 1189 1048 1331 1077; x_wconf 89' lang='lat' dir='ltr'><strong>earum</strong></span> <span class='ocrx_word' id='word_1_110' title='bbox 1358 1033 1458 1076; x_wconf 90' lang='lat' dir='ltr'><strong>testi</strong></span> <span class='ocrx_word' id='word_1_111' title='bbox 1483 1031 1731 1087; x_wconf 87' lang='lat' dir='ltr'><strong>conscripta,</strong></span> 
     </span>
     <span class='ocr_line' id='line_1_14' title="bbox 207 1102 1731 1161; baseline -0.001 -15"><span class='ocrx_word' id='word_1_112' title='bbox 207 1102 427 1147; x_wconf 87' lang='lat' dir='ltr'><strong>ridiculam</strong></span> <span class='ocrx_word' id='word_1_113' title='bbox 455 1104 703 1148; x_wconf 85' lang='lat' dir='ltr'><strong>brevitatem</strong></span> <span class='ocrx_word' id='word_1_114' title='bbox 730 1103 931 1149; x_wconf 86' lang='lat' dir='ltr'><strong>affectant</strong></span> <span class='ocrx_word' id='word_1_115' title='bbox 960 1118 1009 1149; x_wconf 94' lang='lat' dir='ltr'><strong>eo</strong></span> <span class='ocrx_word' id='word_1_116' title='bbox 1038 1106 1173 1161; x_wconf 86' lang='lat' dir='ltr'><strong>magis</strong></span> <span class='ocrx_word' id='word_1_117' title='bbox 1187 1105 1463 1160; x_wconf 85' lang='lat' dir='ltr'><strong>conspicuam,</strong></span> <span class='ocrx_word' id='word_1_118' title='bbox 1495 1103 1608 1158; x_wconf 89' lang='lat' dir='ltr'><strong>quod</strong></span> <span class='ocrx_word' id='word_1_119' title='bbox 1625 1102 1731 1144; x_wconf 84' lang='lat' dir='ltr'><strong>duas</strong></span> 
     </span>
     <span class='ocr_line' id='line_1_15' title="bbox 206 1173 1730 1232; baseline -0.001 -14"><span class='ocrx_word' id='word_1_120' title='bbox 206 1189 275 1218; x_wconf 92' lang='lat' dir='ltr'><strong>res</strong></span> <span class='ocrx_word' id='word_1_121' title='bbox 310 1175 440 1219; x_wconf 89' lang='lat' dir='ltr'><strong>multo</strong></span> <span class='ocrx_word' id='word_1_122' title='bbox 476 1176 644 1219; x_wconf 87' lang='lat' dir='ltr'><strong>levioris</strong></span> <span class='ocrx_word' id='word_1_123' title='bbox 683 1177 881 1220; x_wconf 89' lang='lat' dir='ltr'><strong>momenti</strong></span> <span class='ocrx_word' id='word_1_124' title='bbox 916 1190 1051 1232; x_wconf 89' lang='lat' dir='ltr'><strong>neque</strong></span> <span class='ocrx_word' id='word_1_125' title='bbox 1084 1177 1194 1220; x_wconf 91' lang='lat' dir='ltr'><strong>inter</strong></span> <span class='ocrx_word' id='word_1_126' title='bbox 1232 1191 1277 1220; x_wconf 92' lang='lat' dir='ltr'><strong>se</strong></span> <span class='ocrx_word' id='word_1_127' title='bbox 1304 1177 1567 1225; x_wconf 89' lang='lat' dir='ltr'><strong>coniunctas,</strong></span> <span class='ocrx_word' id='word_1_128' title='bbox 1603 1173 1730 1229; x_wconf 88' lang='lat' dir='ltr'><strong>Lyco-</strong></span> 
     </span>
     <span class='ocr_line' id='line_1_16' title="bbox 205 1245 1729 1303; baseline -0.001 -14"><span class='ocrx_word' id='word_1_129' title='bbox 205 1245 378 1302; x_wconf 87' lang='lat' dir='ltr'><strong>phronis</strong></span> <span class='ocrx_word' id='word_1_130' title='bbox 418 1245 608 1290; x_wconf 88' lang='lat' dir='ltr'><strong>Thessali</strong></span> <span class='ocrx_word' id='word_1_131' title='bbox 644 1247 860 1290; x_wconf 84' lang='lat' dir='ltr'><strong>victoriam</strong></span> <span class='ocrx_word' id='word_1_132' title='bbox 896 1250 938 1290; x_wconf 89' lang='lat' dir='ltr'><strong>et</strong></span> <span class='ocrx_word' id='word_1_133' title='bbox 976 1246 1137 1291; x_wconf 87' lang='lat' dir='ltr'><strong>cladem</strong></span> <span class='ocrx_word' id='word_1_134' title='bbox 1165 1247 1354 1303; x_wconf 88' lang='lat' dir='ltr'><strong>Dionysii</strong></span> <span class='ocrx_word' id='word_1_135' title='bbox 1381 1245 1632 1302; x_wconf 81' lang='lat' dir='ltr'><strong>Syracusani</strong></span> <span class='ocrx_word' id='word_1_136' title='bbox 1658 1245 1729 1300; x_wconf 91' lang='lat' dir='ltr'><strong>(II,</strong></span> 
     </span>
     <span class='ocr_line' id='line_1_17' title="bbox 207 1317 1320 1374; baseline 0.002 -15"><span class='ocrx_word' id='word_1_137' title='bbox 207 1321 247 1368; x_wconf 84' lang='lat'><strong>2,</strong></span> <span class='ocrx_word' id='word_1_138' title='bbox 275 1321 331 1359; x_wconf 83' lang='lat'><strong>24</strong></span> <span class='ocrx_word' id='word_1_139' title='bbox 360 1321 403 1360; x_wconf 91' lang='lat' dir='ltr'><strong>et</strong></span> <span class='ocrx_word' id='word_1_140' title='bbox 429 1318 481 1367; x_wconf 90' lang='lat' dir='ltr'><strong>H,</strong></span> <span class='ocrx_word' id='word_1_141' title='bbox 512 1322 553 1368; x_wconf 83' lang='lat'><strong>3,</strong></span> <span class='ocrx_word' id='word_1_142' title='bbox 578 1322 605 1359; x_wconf 87' lang='grc'>4</span> <span class='ocrx_word' id='word_1_143' title='bbox 633 1321 676 1360; x_wconf 89' lang='lat' dir='ltr'><strong>et</strong></span> <span class='ocrx_word' id='word_1_144' title='bbox 704 1321 744 1364; x_wconf 83' lang='lat'><strong>5)</strong></span> <span class='ocrx_word' id='word_1_145' title='bbox 773 1317 842 1360; x_wconf 91' lang='lat' dir='ltr'><strong>hic</strong></span> <span class='ocrx_word' id='word_1_146' title='bbox 869 1318 1049 1361; x_wconf 88' lang='lat' dir='ltr'><strong>insertas</strong></span> <span class='ocrx_word' id='word_1_147' title='bbox 1076 1320 1320 1374; x_wconf 89' lang='lat' dir='ltr'><strong>reperimus.</strong></span> 
     </span>
    </p>

    <p class='ocr_par' dir='ltr' id='par_1_3' title="bbox 197 1387 1729 2799">
     <span class='ocr_line' id='line_1_18' title="bbox 340 1387 1729 1444; baseline -0.002 -13"><span class='ocrx_word' id='word_1_148' title='bbox 340 1388 565 1432; x_wconf 87' lang='lat' dir='ltr'><strong>Praeterea</strong></span> <span class='ocrx_word' id='word_1_149' title='bbox 589 1388 668 1432; x_wconf 93' lang='lat' dir='ltr'><strong>hoc</strong></span> <span class='ocrx_word' id='word_1_150' title='bbox 695 1402 777 1432; x_wconf 89' lang='lat' dir='ltr'><strong>non</strong></span> <span class='ocrx_word' id='word_1_151' title='bbox 804 1389 1079 1433; x_wconf 90' lang='lat' dir='ltr'><strong>omittendum</strong></span> <span class='ocrx_word' id='word_1_152' title='bbox 1107 1393 1180 1434; x_wconf 87' lang='lat' dir='ltr'><strong>est.</strong></span> <span class='ocrx_word' id='word_1_153' title='bbox 1237 1387 1493 1444; x_wconf 85' lang='lat' dir='ltr'><strong>Xenophon,</strong></span> <span class='ocrx_word' id='word_1_154' title='bbox 1524 1399 1633 1441; x_wconf 88' lang='lat' dir='ltr'><strong>quae</strong></span> <span class='ocrx_word' id='word_1_155' title='bbox 1658 1398 1729 1429; x_wconf 89' lang='lat' dir='ltr'><strong>res</strong></span> 
     </span>
     <span class='ocr_line' id='line_1_19' title="bbox 206 1451 1729 1514; baseline -0.001 -13"><span class='ocrx_word' id='word_1_156' title='bbox 206 1460 347 1514; x_wconf 86' lang='lat' dir='ltr'><strong>magni</strong></span> <span class='ocrx_word' id='word_1_157' title='bbox 376 1460 475 1503; x_wconf 90' lang='lat' dir='ltr'><strong>belli</strong></span> <span class='ocrx_word' id='word_1_158' title='bbox 501 1460 597 1502; x_wconf 87' lang='lat' dir='ltr'><strong>finis</strong></span> <span class='ocrx_word' id='word_1_159' title='bbox 627 1461 683 1502; x_wconf 91' lang='lat' dir='ltr'><strong>sit</strong></span> <span class='ocrx_word' id='word_1_160' title='bbox 710 1460 928 1512; x_wconf 86' lang='lat' dir='ltr'><strong>habenda,</strong></span> <span class='ocrx_word' id='word_1_161' title='bbox 961 1475 1045 1504; x_wconf 90' lang='lat' dir='ltr'><strong>non</strong></span> <span class='ocrx_word' id='word_1_162' title='bbox 1072 1465 1160 1505; x_wconf 91' lang='lat' dir='ltr'><strong>tam</strong></span> <span class='ocrx_word' id='word_1_163' title='bbox 1191 1461 1346 1504; x_wconf 86' lang='lat' dir='ltr'><strong>diserte</strong></span> <span class='ocrx_word' id='word_1_164' title='bbox 1376 1451 1500 1510; x_wconf 88' lang='lat' dir='ltr'><strong>dicit,</strong></span> <span class='ocrx_word' id='word_1_165' title='bbox 1538 1461 1586 1501; x_wconf 94' lang='lat' dir='ltr'><strong>ut</strong></span> <span class='ocrx_word' id='word_1_166' title='bbox 1614 1457 1729 1500; x_wconf 90' lang='lat' dir='ltr'><strong>nulla</strong></span> 
     </span>
     <span class='ocr_line' id='line_1_20' title="bbox 206 1529 1728 1587; baseline -0.002 -14"><span class='ocrx_word' id='word_1_167' title='bbox 206 1529 413 1574; x_wconf 88' lang='lat' dir='ltr'><strong>dubitatio</strong></span> <span class='ocrx_word' id='word_1_168' title='bbox 443 1531 558 1587; x_wconf 90' lang='lat' dir='ltr'><strong>apud</strong></span> <span class='ocrx_word' id='word_1_169' title='bbox 585 1531 781 1574; x_wconf 90' lang='lat' dir='ltr'><strong>lectorem</strong></span> <span class='ocrx_word' id='word_1_170' title='bbox 809 1531 1005 1576; x_wconf 84' lang='lat' dir='ltr'><strong>resideat.</strong></span> <span class='ocrx_word' id='word_1_171' title='bbox 1063 1530 1108 1575; x_wconf 92' lang='lat' dir='ltr'><strong>Si</strong></span> <span class='ocrx_word' id='word_1_172' title='bbox 1135 1545 1183 1575; x_wconf 91' lang='lat' dir='ltr'><strong>re</strong></span> <span class='ocrx_word' id='word_1_173' title='bbox 1207 1546 1306 1575; x_wconf 85' lang='lat' dir='ltr'><strong>vera</strong></span> <span class='ocrx_word' id='word_1_174' title='bbox 1337 1529 1592 1586; x_wconf 85' lang='lat' dir='ltr'><strong>Thucydidis</strong></span> <span class='ocrx_word' id='word_1_175' title='bbox 1621 1541 1728 1571; x_wconf 91' lang='lat' dir='ltr'><strong>com·</strong></span> 
     </span>
     <span class='ocr_line' id='line_1_21' title="bbox 205 1601 1726 1659; baseline -0.003 -14"><span class='ocrx_word' id='word_1_176' title='bbox 205 1601 454 1653; x_wconf 89' lang='lat' dir='ltr'><strong>mentarios,</strong></span> <span class='ocrx_word' id='word_1_177' title='bbox 492 1605 540 1645; x_wconf 92' lang='lat' dir='ltr'><strong>ut</strong></span> <span class='ocrx_word' id='word_1_178' title='bbox 568 1601 758 1658; x_wconf 89' lang='lat' dir='ltr'><strong>pluribus</strong></span> <span class='ocrx_word' id='word_1_179' title='bbox 785 1603 1099 1659; x_wconf 89' lang='lat' dir='ltr'><strong>comprobatum</strong></span> <span class='ocrx_word' id='word_1_180' title='bbox 1132 1606 1198 1646; x_wconf 91' lang='lat' dir='ltr'><strong>est</strong></span> <span class='ocrx_word' id='word_1_181' title='bbox 1227 1602 1292 1654; x_wconf 89' lang='lat' dir='ltr'><strong>(cf.</strong></span> <span class='ocrx_word' id='word_1_182' title='bbox 1319 1616 1449 1658; x_wconf 89' lang='lat' dir='ltr'><strong>supra</strong></span> <span class='ocrx_word' id='word_1_183' title='bbox 1476 1615 1517 1657; x_wconf 89' lang='lat' dir='ltr'><strong>p.</strong></span> <span class='ocrx_word' id='word_1_184' title='bbox 1550 1604 1599 1641; x_wconf 83' lang='lat'><strong>11</strong></span> <span class='ocrx_word' id='word_1_185' title='bbox 1631 1612 1726 1642; x_wconf 87' lang='lat' dir='ltr'><strong>ann.</strong></span> 
     </span>
     <span class='ocr_line' id='line_1_22' title="bbox 208 1670 1729 1730; baseline -0.001 -15"><span class='ocrx_word' id='word_1_186' title='bbox 208 1677 260 1727; x_wconf 94' lang='lat'><strong>1),</strong></span> <span class='ocrx_word' id='word_1_187' title='bbox 290 1674 499 1729; x_wconf 89' lang='lat' dir='ltr'><strong>sequitur,</strong></span> <span class='ocrx_word' id='word_1_188' title='bbox 536 1677 611 1716; x_wconf 92' lang='lat' dir='ltr'><strong>aut</strong></span> <span class='ocrx_word' id='word_1_189' title='bbox 647 1674 764 1728; x_wconf 88' lang='lat' dir='ltr'><strong>prior</strong></span> <span class='ocrx_word' id='word_1_190' title='bbox 790 1675 1100 1719; x_wconf 88' lang='lat' dir='ltr'><strong>Hellenicorum</strong></span> <span class='ocrx_word' id='word_1_191' title='bbox 1128 1688 1228 1730; x_wconf 90' lang='lat' dir='ltr'><strong>pars</strong></span> <span class='ocrx_word' id='word_1_192' title='bbox 1242 1708 1251 1726; x_wconf 93' lang='lat'><strong>,</strong></span> <span class='ocrx_word' id='word_1_193' title='bbox 1290 1686 1399 1728; x_wconf 90' lang='lat' dir='ltr'><strong>quae</strong></span> <span class='ocrx_word' id='word_1_194' title='bbox 1432 1672 1600 1716; x_wconf 89' lang='lat' dir='ltr'><strong>ultimos</strong></span> <span class='ocrx_word' id='word_1_195' title='bbox 1627 1670 1729 1715; x_wconf 81' lang='lat' dir='ltr'><strong>belli</strong></span> 
     </span>
     <span class='ocr_line' id='line_1_23' title="bbox 197 1742 1725 1803; baseline -0.001 -15"><span class='ocrx_word' id='word_1_196' title='bbox 197 1759 336 1799; x_wconf 27' lang='lat' dir='ltr'><strong>,annos</strong></span> <span class='ocrx_word' id='word_1_197' title='bbox 365 1746 560 1797; x_wconf 79' lang='lat' dir='ltr'><strong>continet,</strong></span> <span class='ocrx_word' id='word_1_198' title='bbox 588 1747 693 1790; x_wconf 86' lang='lat' dir='ltr'><strong>nihil</strong></span> <span class='ocrx_word' id='word_1_199' title='bbox 721 1751 787 1790; x_wconf 91' lang='lat' dir='ltr'><strong>est</strong></span> <span class='ocrx_word' id='word_1_200' title='bbox 812 1748 895 1790; x_wconf 91' lang='lat' dir='ltr'><strong>nisi</strong></span> <span class='ocrx_word' id='word_1_201' title='bbox 917 1748 1001 1803; x_wconf 90' lang='lat' dir='ltr'><strong>ipsi</strong></span> <span class='ocrx_word' id='word_1_202' title='bbox 1030 1747 1317 1791; x_wconf 87' lang='lat' dir='ltr'><strong>commentarii</strong></span> <span class='ocrx_word' id='word_1_203' title='bbox 1345 1761 1372 1790; x_wconf 91' lang='lat' dir='ltr'><strong>a</strong></span> <span class='ocrx_word' id='word_1_204' title='bbox 1391 1742 1634 1800; x_wconf 84' lang='lat' dir='ltr'><strong>Thucydide</strong></span> <span class='ocrx_word' id='word_1_205' title='bbox 1662 1756 1725 1787; x_wconf 91' lang='lat' dir='ltr'><strong>re-</strong></span> 
     </span>
     <span class='ocr_line' id='line_1_24' title="bbox 204 1814 1725 1878; baseline -0.003 -17"><span class='ocrx_word' id='word_1_206' title='bbox 204 1817 306 1878; x_wconf 81' lang='lat' dir='ltr'><strong>licti,</strong></span> <span class='ocrx_word' id='word_1_207' title='bbox 333 1817 483 1871; x_wconf 89' lang='lat' dir='ltr'><strong>quibus</strong></span> <span class='ocrx_word' id='word_1_208' title='bbox 500 1817 665 1873; x_wconf 88' lang='lat' dir='ltr'><strong>singula</strong></span> <span class='ocrx_word' id='word_1_209' title='bbox 683 1822 846 1861; x_wconf 91' lang='lat' dir='ltr'><strong>tantum</strong></span> <span class='ocrx_word' id='word_1_210' title='bbox 866 1818 1031 1862; x_wconf 89' lang='lat' dir='ltr'><strong>addidit</strong></span> <span class='ocrx_word' id='word_1_211' title='bbox 1047 1817 1281 1874; x_wconf 85' lang='lat' dir='ltr'><strong>Xenophon</strong></span> <span class='ocrx_word' id='word_1_212' title='bbox 1296 1817 1443 1867; x_wconf 87' lang='lat' dir='ltr'><strong>editor,</strong></span> <span class='ocrx_word' id='word_1_213' title='bbox 1472 1819 1520 1858; x_wconf 92' lang='lat' dir='ltr'><strong>ut</strong></span> <span class='ocrx_word' id='word_1_214' title='bbox 1540 1814 1725 1858; x_wconf 87' lang='lat' dir='ltr'><strong>Mueller.</strong></span> 
     </span>
     <span class='ocr_line' id='line_1_25' title="bbox 203 1885 1724 1946; baseline -0.003 -15"><span class='ocrx_word' id='word_1_215' title='bbox 203 1887 312 1940; x_wconf 68' lang='lat' dir='ltr'><strong>vult,</strong></span> <span class='ocrx_word' id='word_1_216' title='bbox 357 1887 511 1932; x_wconf 91' lang='lat' dir='ltr'><strong>bellum</strong></span> <span class='ocrx_word' id='word_1_217' title='bbox 556 1889 693 1933; x_wconf 85' lang='lat' dir='ltr'><strong>verbis</strong></span> <span class='ocrx_word' id='word_1_218' title='bbox 727 1888 883 1933; x_wconf 88' lang='lat' dir='ltr'><strong>ultimis</strong></span> <span class='ocrx_word' id='word_1_219' title='bbox 922 1889 1183 1946; x_wconf 87' lang='lat' dir='ltr'><strong>paragraphi</strong></span> <span class='ocrx_word' id='word_1_220' title='bbox 1218 1893 1270 1931; x_wconf 86' lang='lat'><strong>23</strong></span> <span class='ocrx_word' id='word_1_221' title='bbox 1315 1888 1465 1943; x_wconf 87' lang='lat' dir='ltr'><strong>capitis</strong></span> <span class='ocrx_word' id='word_1_222' title='bbox 1504 1891 1528 1928; x_wconf 87' lang='lat'>2</span> <span class='ocrx_word' id='word_1_223' title='bbox 1565 1885 1666 1929; x_wconf 91' lang='lat' dir='ltr'><strong>libri</strong></span> <span class='ocrx_word' id='word_1_224' title='bbox 1700 1889 1724 1927; x_wconf 85' lang='lat'><strong>2</strong></span> 
     </span>
     <span class='ocr_line' id='line_1_26' title="bbox 204 1957 1725 2017; baseline -0.003 -14"><span class='ocrx_word' id='word_1_225' title='bbox 204 1959 344 2003; x_wconf 89' lang='lat' dir='ltr'><strong>claudi</strong></span> <span class='ocrx_word' id='word_1_226' title='bbox 367 1963 560 2015; x_wconf 89' lang='lat' dir='ltr'><strong>apertum</strong></span> <span class='ocrx_word' id='word_1_227' title='bbox 589 1964 674 2012; x_wconf 87' lang='lat' dir='ltr'><strong>est,</strong></span> <span class='ocrx_word' id='word_1_228' title='bbox 714 1962 962 2017; x_wconf 88' lang='lat' dir='ltr'><strong>praesertim</strong></span> <span class='ocrx_word' id='word_1_229' title='bbox 988 1975 1115 2016; x_wconf 91' lang='lat' dir='ltr'><strong>quum</strong></span> <span class='ocrx_word' id='word_1_230' title='bbox 1143 1959 1406 2016; x_wconf 88' lang='lat' dir='ltr'><strong>Thucydides</strong></span> <span class='ocrx_word' id='word_1_231' title='bbox 1433 1959 1526 2014; x_wconf 89' lang='lat' dir='ltr'><strong>ipse</strong></span> <span class='ocrx_word' id='word_1_232' title='bbox 1553 1957 1624 2011; x_wconf 85' lang='lat' dir='ltr'><strong>(V,</strong></span> <span class='ocrx_word' id='word_1_233' title='bbox 1656 1960 1725 2009; x_wconf 86' lang='grc'><strong>26)</strong></span> 
     </span>
     <span class='ocr_line' id='line_1_27' title="bbox 203 2032 1728 2083; baseline -0.003 -7"><span class='ocrx_word' id='word_1_234' title='bbox 203 2032 358 2076; x_wconf 90' lang='lat' dir='ltr'><strong>bellum</strong></span> <span class='ocrx_word' id='word_1_235' title='bbox 388 2032 505 2076; x_wconf 88' lang='lat' dir='ltr'><strong>urbis</strong></span> <span class='ocrx_word' id='word_1_236' title='bbox 535 2032 747 2077; x_wconf 89' lang='lat' dir='ltr'><strong>deditione</strong></span> <span class='ocrx_word' id='word_1_237' title='bbox 774 2032 938 2077; x_wconf 90' lang='lat' dir='ltr'><strong>finitum</strong></span> <span class='ocrx_word' id='word_1_238' title='bbox 967 2048 1059 2078; x_wconf 90' lang='lat' dir='ltr'><strong>esse</strong></span> <span class='ocrx_word' id='word_1_239' title='bbox 1088 2033 1212 2078; x_wconf 88' lang='lat' dir='ltr'><strong>dicat.</strong></span> <span class='ocrx_word' id='word_1_240' title='bbox 1271 2032 1354 2076; x_wconf 88' lang='lat' dir='ltr'><strong>Sed</strong></span> <span class='ocrx_word' id='word_1_241' title='bbox 1380 2032 1431 2075; x_wconf 90' lang='lat' dir='ltr'><strong>H.</strong></span> <span class='ocrx_word' id='word_1_242' title='bbox 1459 2035 1506 2083; x_wconf 88' lang='lat'><strong>3,</strong></span> <span class='ocrx_word' id='word_1_243' title='bbox 1540 2035 1564 2074; x_wconf 91' lang='lat'>9</span> <span class='ocrx_word' id='word_1_244' title='bbox 1594 2032 1728 2073; x_wconf 92' lang='lat' dir='ltr'><strong>totum</strong></span> 
     </span>
     <span class='ocr_line' id='line_1_28' title="bbox 202 2102 1729 2160; baseline -0.001 -15"><span class='ocrx_word' id='word_1_245' title='bbox 202 2102 304 2145; x_wconf 91' lang='lat' dir='ltr'><strong>belli</strong></span> <span class='ocrx_word' id='word_1_246' title='bbox 331 2106 497 2159; x_wconf 89' lang='lat' dir='ltr'><strong>tempus</strong></span> <span class='ocrx_word' id='word_1_247' title='bbox 526 2107 793 2158; x_wconf 89' lang='lat' dir='ltr'><strong>computatur</strong></span> <span class='ocrx_word' id='word_1_248' title='bbox 823 2108 866 2147; x_wconf 89' lang='lat' dir='ltr'><strong>et</strong></span> <span class='ocrx_word' id='word_1_249' title='bbox 891 2105 1142 2160; x_wconf 89' lang='lat' dir='ltr'><strong>ephororum</strong></span> <span class='ocrx_word' id='word_1_250' title='bbox 1156 2138 1165 2155; x_wconf 95' lang='lat'><strong>,</strong></span> <span class='ocrx_word' id='word_1_251' title='bbox 1208 2105 1280 2158; x_wconf 91' lang='lat' dir='ltr'><strong>qui</strong></span> <span class='ocrx_word' id='word_1_252' title='bbox 1322 2118 1398 2159; x_wconf 88' lang='lat' dir='ltr'><strong>per</strong></span> <span class='ocrx_word' id='word_1_253' title='bbox 1429 2102 1534 2145; x_wconf 91' lang='lat' dir='ltr'><strong>illud</strong></span> <span class='ocrx_word' id='word_1_254' title='bbox 1558 2114 1729 2144; x_wconf 88' lang='lat' dir='ltr'><strong>munere</strong></span> 
     </span>
     <span class='ocr_line' id='line_1_29' title="bbox 201 2170 1729 2231; baseline -0.001 -16"><span class='ocrx_word' id='word_1_255' title='bbox 201 2173 334 2216; x_wconf 89' lang='lat' dir='ltr'><strong>functi</strong></span> <span class='ocrx_word' id='word_1_256' title='bbox 360 2177 476 2226; x_wconf 65' lang='lat' dir='ltr'><strong>sunu,</strong></span> <span class='ocrx_word' id='word_1_257' title='bbox 510 2174 680 2217; x_wconf 91' lang='lat' dir='ltr'><strong>nomina</strong></span> <span class='ocrx_word' id='word_1_258' title='bbox 710 2174 976 2219; x_wconf 86' lang='lat' dir='ltr'><strong>adiiciuntur.</strong></span> <span class='ocrx_word' id='word_1_259' title='bbox 1034 2176 1153 2220; x_wconf 89' lang='lat' dir='ltr'><strong>Licet</strong></span> <span class='ocrx_word' id='word_1_260' title='bbox 1187 2175 1293 2218; x_wconf 89' lang='lat' dir='ltr'><strong>haec</strong></span> <span class='ocrx_word' id='word_1_261' title='bbox 1321 2174 1504 2231; x_wconf 86' lang='lat' dir='ltr'><strong>genuina</strong></span> <span class='ocrx_word' id='word_1_262' title='bbox 1540 2173 1644 2223; x_wconf 88' lang='lat' dir='ltr'><strong>sint,</strong></span> <span class='ocrx_word' id='word_1_263' title='bbox 1683 2170 1729 2214; x_wconf 91' lang='lat' dir='ltr'><strong>id</strong></span> 
     </span>
     <span class='ocr_line' id='line_1_30' title="bbox 202 2243 1729 2302; baseline 0 -16"><span class='ocrx_word' id='word_1_264' title='bbox 202 2244 314 2299; x_wconf 90' lang='lat' dir='ltr'><strong>quod</strong></span> <span class='ocrx_word' id='word_1_265' title='bbox 355 2244 467 2288; x_wconf 90' lang='lat' dir='ltr'><strong>Aem.</strong></span> <span class='ocrx_word' id='word_1_266' title='bbox 500 2244 686 2288; x_wconf 87' lang='lat' dir='ltr'><strong>Mueller.</strong></span> <span class='ocrx_word' id='word_1_267' title='bbox 723 2245 750 2288; x_wconf 90' lang='lat'><strong>1.</strong></span> <span class='ocrx_word' id='word_1_268' title='bbox 783 2259 817 2289; x_wconf 89' lang='lat' dir='ltr'><strong>c.</strong></span> <span class='ocrx_word' id='word_1_269' title='bbox 856 2261 897 2302; x_wconf 91' lang='lat' dir='ltr'><strong>p.</strong></span> <span class='ocrx_word' id='word_1_270' title='bbox 938 2251 989 2289; x_wconf 84' lang='lat'><strong>12</strong></span> <span class='ocrx_word' id='word_1_271' title='bbox 1020 2261 1079 2302; x_wconf 92' lang='lat' dir='ltr'><strong>sq.</strong></span> <span class='ocrx_word' id='word_1_272' title='bbox 1107 2247 1288 2302; x_wconf 86' lang='lat' dir='ltr'><strong>probare</strong></span> <span class='ocrx_word' id='word_1_273' title='bbox 1327 2244 1485 2295; x_wconf 89' lang='lat' dir='ltr'><strong>studet,</strong></span> <span class='ocrx_word' id='word_1_274' title='bbox 1523 2244 1603 2287; x_wconf 91' lang='lat' dir='ltr'><strong>hoc</strong></span> <span class='ocrx_word' id='word_1_275' title='bbox 1636 2243 1729 2286; x_wconf 87' lang='lat' dir='ltr'><strong>loco</strong></span> 
     </span>
     <span class='ocr_line' id='line_1_31' title="bbox 201 2315 1727 2371; baseline 0 -13"><span class='ocrx_word' id='word_1_276' title='bbox 201 2315 437 2371; x_wconf 90' lang='lat' dir='ltr'><strong>Xenophon</strong></span> <span class='ocrx_word' id='word_1_277' title='bbox 487 2316 588 2359; x_wconf 87' lang='lat' dir='ltr'><strong>belli</strong></span> <span class='ocrx_word' id='word_1_278' title='bbox 634 2317 789 2360; x_wconf 86' lang='lat' dir='ltr'><strong>exitum</strong></span> <span class='ocrx_word' id='word_1_279' title='bbox 842 2319 1109 2362; x_wconf 88' lang='lat' dir='ltr'><strong>constituisse</strong></span> <span class='ocrx_word' id='word_1_280' title='bbox 1155 2318 1339 2368; x_wconf 86' lang='lat' dir='ltr'><strong>videtur,</strong></span> <span class='ocrx_word' id='word_1_281' title='bbox 1392 2330 1550 2359; x_wconf 90' lang='lat' dir='ltr'><strong>morem</strong></span> <span class='ocrx_word' id='word_1_282' title='bbox 1600 2315 1727 2359; x_wconf 88' lang='lat' dir='ltr'><strong>Lace·</strong></span> 
     </span>
     <span class='ocr_line' id='line_1_32' title="bbox 201 2387 1728 2445; baseline 0 -15"><span class='ocrx_word' id='word_1_283' title='bbox 201 2387 537 2437; x_wconf 84' lang='lat' dir='ltr'><strong>daemoniorum,</strong></span> <span class='ocrx_word' id='word_1_284' title='bbox 590 2387 662 2441; x_wconf 90' lang='lat' dir='ltr'><strong>qui</strong></span> <span class='ocrx_word' id='word_1_285' title='bbox 713 2388 870 2431; x_wconf 93' lang='lat' dir='ltr'><strong>bellum</strong></span> <span class='ocrx_word' id='word_1_286' title='bbox 913 2390 1054 2433; x_wconf 89' lang='lat' dir='ltr'><strong>reditu</strong></span> <span class='ocrx_word' id='word_1_287' title='bbox 1096 2389 1303 2445; x_wconf 88' lang='lat' dir='ltr'><strong>Lysandri</strong></span> <span class='ocrx_word' id='word_1_288' title='bbox 1351 2391 1449 2444; x_wconf 86' lang='lat' dir='ltr'><strong>post</strong></span> <span class='ocrx_word' id='word_1_289' title='bbox 1496 2387 1610 2431; x_wconf 91' lang='lat' dir='ltr'><strong>Sami</strong></span> <span class='ocrx_word' id='word_1_290' title='bbox 1660 2401 1728 2430; x_wconf 88' lang='lat' dir='ltr'><strong>ex-</strong></span> 
     </span>
     <span class='ocr_line' id='line_1_33' title="bbox 200 2457 1726 2517; baseline -0.001 -15"><span class='ocrx_word' id='word_1_291' title='bbox 200 2459 499 2515; x_wconf 85' lang='lat' dir='ltr'><strong>pugnationem</strong></span> <span class='ocrx_word' id='word_1_292' title='bbox 525 2457 605 2512; x_wconf 85' lang='lat'><strong>(11,</strong></span> <span class='ocrx_word' id='word_1_293' title='bbox 634 2462 658 2501; x_wconf 89' lang='lat'><strong>3</strong></span> <span class='ocrx_word' id='word_1_294' title='bbox 672 2492 682 2510; x_wconf 93' lang='lat'>‚</span> <span class='ocrx_word' id='word_1_295' title='bbox 714 2463 738 2502; x_wconf 90' lang='grc'><strong>6</strong></span> <span class='ocrx_word' id='word_1_296' title='bbox 751 2485 804 2491; x_wconf 92' lang='grc'><strong>-</strong></span> <span class='ocrx_word' id='word_1_297' title='bbox 819 2465 859 2510; x_wconf 91' lang='grc'><strong>8)</strong></span> <span class='ocrx_word' id='word_1_298' title='bbox 896 2460 1128 2505; x_wconf 86' lang='lat' dir='ltr'><strong>confectum</strong></span> <span class='ocrx_word' id='word_1_299' title='bbox 1166 2475 1258 2505; x_wconf 90' lang='lat' dir='ltr'><strong>esse</strong></span> <span class='ocrx_word' id='word_1_300' title='bbox 1286 2459 1511 2517; x_wconf 89' lang='lat' dir='ltr'><strong>putabant,</strong></span> <span class='ocrx_word' id='word_1_301' title='bbox 1549 2462 1726 2503; x_wconf 89' lang='lat' dir='ltr'><strong>secutus.</strong></span> 
     </span>
     <span class='ocr_line' id='line_1_34' title="bbox 201 2526 1727 2588; baseline 0 -16"><span class='ocrx_word' id='word_1_302' title='bbox 201 2529 273 2572; x_wconf 90' lang='lat' dir='ltr'><strong>Sin</strong></span> <span class='ocrx_word' id='word_1_303' title='bbox 299 2542 396 2572; x_wconf 87' lang='lat' dir='ltr'><strong>vero</strong></span> <span class='ocrx_word' id='word_1_304' title='bbox 425 2529 499 2572; x_wconf 89' lang='lat' dir='ltr'><strong>illa</strong></span> <span class='ocrx_word' id='word_1_305' title='bbox 525 2531 725 2585; x_wconf 89' lang='lat' dir='ltr'><strong>temporis</strong></span> <span class='ocrx_word' id='word_1_306' title='bbox 750 2534 851 2575; x_wconf 87' lang='lat' dir='ltr'><strong>nota</strong></span> <span class='ocrx_word' id='word_1_307' title='bbox 878 2532 949 2587; x_wconf 90' lang='lat'><strong>(11,</strong></span> <span class='ocrx_word' id='word_1_308' title='bbox 978 2536 1015 2583; x_wconf 87' lang='lat'><strong>3,</strong></span> <span class='ocrx_word' id='word_1_309' title='bbox 1042 2537 1104 2582; x_wconf 86' lang='lat'><strong>9):</strong></span> <span class='ocrx_word' id='word_1_310' title='bbox 1135 2531 1195 2583; x_wconf 85' lang='grc' dir='ltr'><strong>εἰς</strong></span> <span class='ocrx_word' id='word_1_311' title='bbox 1219 2528 1247 2575; x_wconf 77' lang='grc' dir='ltr'>ὅ</span> <span class='ocrx_word' id='word_1_312' title='bbox 1273 2526 1480 2588; x_wconf 75' lang='grc' dir='ltr'><em>ἑξάμηνος</em></span> <span class='ocrx_word' id='word_1_313' title='bbox 1506 2531 1578 2573; x_wconf 82' lang='grc' dir='ltr'><strong>καὶ</strong></span> <span class='ocrx_word' id='word_1_314' title='bbox 1606 2526 1727 2573; x_wconf 71' lang='grc' dir='ltr'><strong>ὀκτώ</strong></span> 
     </span>
     <span class='ocr_line' id='line_1_35' title="bbox 200 2596 1726 2659; baseline 0.001 -17"><span class='ocrx_word' id='word_1_315' title='bbox 200 2600 307 2652; x_wconf 86' lang='lat' dir='ltr'><strong>(sive</strong></span> <span class='ocrx_word' id='word_1_316' title='bbox 328 2596 452 2651; x_wconf 77' lang='grc' dir='ltr'><strong>ἑπτὰ)</strong></span> <span class='ocrx_word' id='word_1_317' title='bbox 481 2600 553 2642; x_wconf 84' lang='grc' dir='ltr'><strong>καὶ</strong></span> <span class='ocrx_word' id='word_1_318' title='bbox 578 2599 739 2644; x_wconf 78' lang='grc' dir='ltr'><em>εἴκοσιν</em></span> <span class='ocrx_word' id='word_1_319' title='bbox 767 2599 840 2658; x_wconf 75' lang='grc' dir='ltr'><strong>ἔτη</strong></span> <span class='ocrx_word' id='word_1_320' title='bbox 865 2604 932 2659; x_wconf 81' lang='grc' dir='ltr'><strong>τῷ</strong></span> <span class='ocrx_word' id='word_1_321' title='bbox 959 2604 1137 2659; x_wconf 80' lang='grc' dir='ltr'><em>πολέμῳ</em></span> <span class='ocrx_word' id='word_1_322' title='bbox 1168 2598 1366 2652; x_wconf 68' lang='grc' dir='ltr'><em>ἐτελεύτα</em></span> <span class='ocrx_word' id='word_1_323' title='bbox 1391 2615 1470 2645; x_wconf 90' lang='lat' dir='ltr'><strong>nec</strong></span> <span class='ocrx_word' id='word_1_324' title='bbox 1497 2615 1581 2644; x_wconf 92' lang='lat' dir='ltr'><strong>non</strong></span> <span class='ocrx_word' id='word_1_325' title='bbox 1602 2601 1726 2658; x_wconf 90' lang='lat' dir='ltr'><strong>epho-</strong></span> 
     </span>
     <span class='ocr_line' id='line_1_36' title="bbox 198 2672 1724 2729; baseline 0.001 -16"><span class='ocrx_word' id='word_1_326' title='bbox 198 2685 339 2714; x_wconf 91' lang='lat' dir='ltr'><strong>rorum</strong></span> <span class='ocrx_word' id='word_1_327' title='bbox 368 2672 538 2715; x_wconf 90' lang='lat' dir='ltr'><strong>nomina</strong></span> <span class='ocrx_word' id='word_1_328' title='bbox 565 2676 613 2714; x_wconf 90' lang='lat' dir='ltr'><strong>ut</strong></span> <span class='ocrx_word' id='word_1_329' title='bbox 641 2673 785 2728; x_wconf 89' lang='lat' dir='ltr'><strong>spuria</strong></span> <span class='ocrx_word' id='word_1_330' title='bbox 815 2673 1051 2724; x_wconf 88' lang='lat' dir='ltr'><strong>eiiciuntur,</strong></span> <span class='ocrx_word' id='word_1_331' title='bbox 1077 2687 1162 2717; x_wconf 89' lang='lat' dir='ltr'><strong>non</strong></span> <span class='ocrx_word' id='word_1_332' title='bbox 1187 2674 1338 2729; x_wconf 91' lang='lat' dir='ltr'><strong>liquet,</strong></span> <span class='ocrx_word' id='word_1_333' title='bbox 1373 2672 1541 2728; x_wconf 89' lang='lat' dir='ltr'><strong>quando</strong></span> <span class='ocrx_word' id='word_1_334' title='bbox 1569 2672 1724 2716; x_wconf 91' lang='lat' dir='ltr'><strong>bellum</strong></span> 
     </span>
     <span class='ocr_line' id='line_1_37' title="bbox 199 2742 1724 2799; baseline 0.001 -13"><span class='ocrx_word' id='word_1_335' title='bbox 199 2742 358 2786; x_wconf 87' lang='lat' dir='ltr'><strong>desisse</strong></span> <span class='ocrx_word' id='word_1_336' title='bbox 387 2742 622 2799; x_wconf 89' lang='lat' dir='ltr'><strong>Xenophon</strong></span> <span class='ocrx_word' id='word_1_337' title='bbox 649 2748 827 2788; x_wconf 90' lang='lat' dir='ltr'><strong>censeat.</strong></span> <span class='ocrx_word' id='word_1_338' title='bbox 884 2745 924 2787; x_wconf 84' lang='lat' dir='ltr'>N</span> <span class='ocrx_word' id='word_1_339' title='bbox 925 2759 979 2787; x_wconf 91' lang='lat' dir='ltr'><strong>on</strong></span> <span class='ocrx_word' id='word_1_340' title='bbox 1006 2745 1210 2788; x_wconf 90' lang='lat' dir='ltr'><strong>absonum</strong></span> <span class='ocrx_word' id='word_1_341' title='bbox 1239 2748 1323 2793; x_wconf 81' lang='lat' dir='ltr'><strong>est,</strong></span> <span class='ocrx_word' id='word_1_342' title='bbox 1352 2758 1467 2795; x_wconf 90' lang='lat' dir='ltr'><strong>eum,</strong></span> <span class='ocrx_word' id='word_1_343' title='bbox 1497 2745 1570 2799; x_wconf 92' lang='lat' dir='ltr'><strong>qui</strong></span> <span class='ocrx_word' id='word_1_344' title='bbox 1598 2744 1724 2788; x_wconf 86' lang='lat' dir='ltr'><strong>etiam</strong></span> 
     </span>
    </p>
   </div>
   <div class='ocr_carea' id='block_1_3' title="bbox 201 2840 1726 2948">
    <p class='ocr_par' dir='ltr' id='par_1_4' title="bbox 201 2840 1726 2948">
     <span class='ocr_line' id='line_1_38' title="bbox 339 2840 1726 2886; baseline 0.002 -11"><span class='ocrx_word' id='word_1_345' title='bbox 339 2840 365 2884; x_wconf 87' lang='lat'><strong>¹)</strong></span> <span class='ocrx_word' id='word_1_346' title='bbox 391 2841 509 2876; x_wconf 88' lang='lat' dir='ltr'><strong>Herb</strong></span> <span class='ocrx_word' id='word_1_347' title='bbox 517 2846 572 2886; x_wconf 85' lang='lat' dir='ltr'><strong>st,</strong></span> <span class='ocrx_word' id='word_1_348' title='bbox 596 2841 689 2877; x_wconf 82' lang='lat' dir='ltr'><strong>Schl.</strong></span> <span class='ocrx_word' id='word_1_349' title='bbox 712 2842 745 2877; x_wconf 89' lang='lat' dir='ltr'><strong>b.</strong></span> <span class='ocrx_word' id='word_1_350' title='bbox 762 2842 794 2877; x_wconf 92' lang='lat' dir='ltr'><strong>d.</strong></span> <span class='ocrx_word' id='word_1_351' title='bbox 807 2842 927 2886; x_wconf 80' lang='lat' dir='ltr'><strong>Argin.</strong></span> <span class='ocrx_word' id='word_1_352' title='bbox 942 2850 975 2886; x_wconf 84' lang='lat' dir='ltr'><strong>p.</strong></span> <span class='ocrx_word' id='word_1_353' title='bbox 994 2867 1003 2877; x_wconf 91' lang='lat'><strong>.</strong></span> <span class='ocrx_word' id='word_1_354' title='bbox 1026 2868 1034 2875; x_wconf 91' lang='lat'>.</span> <span class='ocrx_word' id='word_1_355' title='bbox 1057 2867 1067 2878; x_wconf 92' lang='lat'><strong>.</strong></span> <span class='ocrx_word' id='word_1_356' title='bbox 1080 2842 1355 2886; x_wconf 84' lang='lat' dir='ltr'><strong>Xenophontem</strong></span> <span class='ocrx_word' id='word_1_357' title='bbox 1376 2842 1550 2878; x_wconf 86' lang='lat' dir='ltr'><strong>eiusmodi</strong></span> <span class='ocrx_word' id='word_1_358' title='bbox 1572 2842 1726 2878; x_wconf 79' lang='lat' dir='ltr'><strong>formula</strong></span> 
     </span>
     <span class='ocr_line' id='line_1_39' title="bbox 201 2899 1436 2948; baseline 0.003 -13"><span class='ocrx_word' id='word_1_359' title='bbox 201 2908 323 2944; x_wconf 87' lang='lat' dir='ltr'><strong>emper</strong></span> <span class='ocrx_word' id='word_1_360' title='bbox 347 2899 490 2946; x_wconf 81' lang='lat' dir='ltr'><strong>longius</strong></span> <span class='ocrx_word' id='word_1_361' title='bbox 513 2900 692 2946; x_wconf 84' lang='lat' dir='ltr'><strong>quoddam</strong></span> <span class='ocrx_word' id='word_1_362' title='bbox 719 2904 861 2946; x_wconf 86' lang='lat' dir='ltr'><strong>tempus</strong></span> <span class='ocrx_word' id='word_1_363' title='bbox 882 2899 1086 2948; x_wconf 79' lang='lat' dir='ltr'><strong>significare</strong></span> <span class='ocrx_word' id='word_1_364' title='bbox 1113 2901 1229 2939; x_wconf 83' lang='lat' dir='ltr'><strong>solere</strong></span> <span class='ocrx_word' id='word_1_365' title='bbox 1262 2901 1436 2939; x_wconf 78' lang='lat' dir='ltr'><strong>observat</strong></span> 
     </span>
    </p>
   </div>
  </div>
 </body>
</html>
