1929 3200
906 680 947 731 Ι.

300 766 444 833 Quum
469 787 687 844 quaeritur
712 786 821 830 sitne
841 787 988 829 auctor
1013 783 1210 835 inrebus,
1240 796 1345 839 quas
1367 784 1592 829 memoriae
1609 788 1693 829 tra-

164 859 331 912 diderit,
349 873 443 904 cum
455 858 539 903 fide
551 862 754 910 versatus,
776 857 881 901 duas
897 855 1160 913 potissimum
1174 868 1243 899 res
1257 854 1479 911 diligenter
1491 855 1694 913 indagan-

165 931 242 975 das
271 945 364 975 esse
374 933 563 988 apparet.
612 930 750 985 Atque
777 929 822 972 in
848 928 1021 983 antiquo
1034 941 1174 971 rerum
1193 928 1396 983 scriptore
1413 928 1594 984 primum
1612 931 1695 972 sta-

164 1003 227 1047 tui
255 1005 432 1059 oportet,
462 1015 547 1058 qua
563 1000 690 1045 fuerit
706 1000 818 1045 vitae
836 999 1074 1044 conditione
1102 1002 1145 1044 et
1163 1013 1271 1055 quae
1286 1003 1523 1056 temporum
1544 1013 1696 1057 oppor-

163 1073 324 1117 tunitas
354 1074 393 1116 ei
432 1072 657 1129 contigerit
684 1085 746 1122 ea,
777 1085 887 1127 quae
932 1070 1085 1115 litteris
1122 1072 1325 1115 mandare
1354 1072 1435 1116 sibi
1463 1072 1694 1128 proposuit,

165 1144 399 1202 diligenter·
427 1144 650 1201 colligendi
685 1147 882 1199 recteque
926 1142 1195 1187 diiudicandi.
1263 1143 1386 1195 Quod
1423 1144 1572 1199 quanti
1610 1157 1695 1187 mo-

163 1217 295 1261 menti
321 1216 437 1274 apud
462 1216 616 1261 aetatis
641 1214 970 1272 Xenophonteae
995 1218 1186 1259 auctores
1213 1214 1351 1268 fuerit,
1379 1216 1531 1271 quibus
1559 1230 1696 1272 neque

163 1291 284 1333 tanta
308 1288 511 1333 librorum
537 1288 720 1331 varietas
750 1290 910 1343 quanta
937 1287 1197 1331 nostratibus
1226 1301 1362 1343 neque
1398 1288 1557 1331 multae
1583 1288 1695 1336 illae,

166 1373 275 1415 quae
289 1360 423 1412 nobis,
453 1373 595 1404 verum
609 1359 892 1415 perspiciendi
918 1359 1105 1404 rationes
1130 1362 1306 1415 paratae
1331 1363 1464 1411 erant,
1493 1363 1543 1402 ut
1565 1358 1693 1413 rebus

165 1432 316 1488 gestis,
347 1445 452 1487 quas
481 1430 758 1487 conscripturi
780 1432 923 1483 erant,
960 1433 1037 1473 aut
1062 1430 1147 1486 ipsi
1174 1431 1378 1474 interesse
1404 1434 1480 1474 aut
1509 1424 1561 1474 e'x
1586 1431 1693 1485 aliis,

167 1504 239 1559 qui
266 1504 555 1555 interfuerant,
585 1502 804 1572 explprare
831 1515 1003 1547 necesse
1033 1507 1156 1555 esset,
1181 1504 1276 1559 quis
1306 1507 1372 1547 est
1399 1504 1501 1560 quin
1521 1502 1696 1547 videat?

163 1576 313 1631 Itaque
339 1574 609 1625 Hecataeum,
640 1566 913 1626 Herodotum,
941 1573 1266 1631 Theopompum,
1294 1575 1400 1619 alios
1419 1575 1558 1618 varias
1581 1574 1697 1619 orbis

163 1648 357 1704 regiones
384 1648 644 1703 per-migrare
653 1645 854 1697 videmuS,
880 1659 1020 1690 rerum
1035 1647 1208 1703 copiam,
1239 1661 1364 1702 quam
1384 1650 1535 1704 postea
1549 1646 1698 1690 ordine

165 1718 421 1775 descriptam
446 1718 492 1761 in
518 1717 655 1761 lucem
688 1716 930 1768 ediderunt,
969 1716 1156 1773 undique
1192 1719 1486 1773 conquirentes
1515 1721 1559 1761 et
1587 1717 1697 1761 Thu-

164 1789 354 1847 cydides,
382 1789 428 1833 in
454 1793 614 1832 remoto
641 1787 846 1832 Thraciae
873 1788 1028 1844 angulo
1056 1789 1329 1843 constitutus,
1357 1803 1445 1843 res,
1483 1803 1591 1845 quae
1619 1802 1697 1845 per

165 1860 386 1905 Graeciam
422 1864 499 1904 aut
535 1859 739 1904 finitimas
773 1862 911 1903 terras
940 1859 1205 1915 gerebantur,
1234 1860 1431 1917 religiose
1460 1861 1695 1912 observare,

164 1944 305 1976 secum
335 1935 534 1988 reputare
561 1934 605 1975 et
632 1931 669 1974 si
697 1930 801 1986 quid
824 1930 983 1975 maiore
1012 1930 1233 1989 diligentia
1260 1931 1434 1988 dignum
1461 1931 1695 1984 videbatur,

162 2002 211 2046 id
235 2003 282 2046 in
307 2003 413 2059 ipsis
438 2002 553 2054 locis,
580 2002 655 2046 ubi
669 2005 835 2058 gestum
862 2005 966 2053 erat,
994 2015 1089 2045 cum
1109 2016 1211 2046 cura
1236 2003 1492 2059 investigare
1519 2003 1695 2047 solebat.

163 2073 328 2119 Deinde
366 2074 412 2118 in
447 2087 589 2119 rerum
627 2073 831 2130 scriptore
864 2073 1100 2130 quaeritur,
1139 2073 1254 2130 quali
1290 2074 1418 2118 fuerit
1454 2075 1622 2132 ingenio
1654 2079 1698 2120 et

163 2134 294 2189 animi
318 2144 469 2197 indole,
499 2156 608 2200 quae
634 2144 692 2187 ad
712 2143 912 2187 historias
942 2144 1266 2188 conscribendas
1287 2146 1514 2200 plurimum
1541 2146 1696 2189 valent.

162 2215 217 2260 In
240 2216 294 2260 iis
321 2215 513 2272 inprimis
540 2214 681 2272 posita
709 2218 774 2259 est
801 2214 947 2259 iudicii
973 2215 1209 2272 integritas,
1240 2229 1367 2271 quam
1385 2217 1521 2260 omnis
1537 2219 1696 2270 auctor,

165 2288 204 2332 si
230 2285 359 2331 fidem
387 2286 470 2332 sibi
496 2286 648 2331 haberi
673 2286 780 2340 vult,
819 2286 1039 2342 praestare
1068 2286 1206 2331 debet.
1273 2286 1383 2331 Nam
1418 2288 1491 2343 qui
1527 2288 1697 2345 ingenio

163 2362 230 2403 est
256 2358 394 2402 minus
422 2358 658 2416 perspicaci
694 2360 771 2401 aut
808 2359 934 2402 certis
970 2358 1239 2415 opinionibus
1266 2362 1617 2416 praeoccupatus,
1657 2360 1696 2403 is

163 2429 255 2474 sine
277 2430 344 2473 ira
372 2432 416 2473 et
431 2429 571 2473 studio
598 2442 667 2488 res
693 2430 958 2475 conscribere
984 2430 1142 2485 nequit.

219 2537 221 2539 ,
296 2500 392 2553 Res,
422 2515 532 2557 quae
544 2500 835 2557 Xenophontis
853 2502 1034 2546 historia
1062 2515 1218 2558 graeca
1231 2501 1507 2553 continentur,
1537 2515 1695 2555 omnes,

161 2574 332 2616 auctore
348 2572 454 2625 vivo,
485 2571 624 2617 factae
648 2575 747 2616 sunt
773 2586 911 2629 neque
933 2572 1164 2629 quidquam
1183 2572 1230 2615 in
1257 2585 1309 2615 ea
1329 2572 1551 2626 invenitur,
1580 2574 1695 2630 quod

160 2644 244 2688 nisi
269 2643 363 2700 ipse
398 2643 574 2688 vidisset
608 2658 661 2689 ex
697 2645 794 2689 aliis
831 2644 1072 2689 hominibus
1111 2644 1390 2701 cognoscendi
1425 2648 1615 2699 potestas
1654 2647 1695 2690 ei

159 2726 245 2760 non
271 2714 409 2760 fuerit.
451 2714 687 2772 Nunquam,
716 2719 766 2760 ut
777 2715 1044 2774 Thucydides
1072 2715 1118 2759 in
1145 2715 1360 2773 prooemio
1385 2718 1430 2759 et
1455 2716 1551 2760 aliis
1577 2717 1691 2770 locis,

159 2787 206 2830 in
230 2786 357 2831 rebus
379 2801 407 2831 a
435 2801 513 2831 sua
540 2791 681 2832 aetate
708 2789 882 2833 remotis
908 2790 1111 2839 versatur,
1142 2786 1250 2842 quae
1265 2787 1348 2830 nisi
1375 2788 1579 2833 acerrime
1596 2802 1692 2833 con·

157 2856 350 2911 iiciendo,
378 2858 425 2903 id
453 2858 566 2915 quod
593 2858 883 2916 Xenophontis
913 2859 1080 2904 omnino
1105 2871 1192 2902 non
1213 2858 1430 2916 proprium
1457 2862 1534 2912 est,
1561 2873 1691 2918 saepe

159 2942 247 2973 non-
272 2930 477 2987 explicari
502 2934 701 2987 possunt,
739 2934 784 2976 et
820 2930 1027 2987 quidquid
1054 2934 1223 2982 narrat,
1252 2931 1298 2973 in
1324 2931 1510 2974 omnium
1537 2943 1690 2989 aequa*-
