<?xml version="1.0" encoding="UTF-8"?>
<!DOCTYPE html PUBLIC "-//W3C//DTD XHTML 1.0 Transitional//EN"
    "http://www.w3.org/TR/xhtml1/DTD/xhtml1-transitional.dtd">
<html xmlns="http://www.w3.org/1999/xhtml" xml:lang="en" lang="en">
 <head>
  <title>
</title>
<meta http-equiv="Content-Type" content="text/html;charset=utf-8" />
  <meta name='ocr-system' content='tesseract 3.04.00' />
  <meta name='ocr-capabilities' content='ocr_page ocr_carea ocr_par ocr_line ocrx_word'/>
</head>
<body>
  <div class='ocr_page' id='page_1' title='image "4626076_0048.png"; bbox 0 0 1929 3200; ppageno 0'>
   <div class='ocr_carea' id='block_1_1' title="bbox 840 177 1120 216">
    <p class='ocr_par' dir='ltr' id='par_1_1' title="bbox 840 177 1120 216">
     <span class='ocr_line' id='line_1_1' title="bbox 840 177 1120 216; baseline 0.004 -11"><span class='ocrx_word' id='word_1_1' title='bbox 840 177 1120 216; x_wconf 76' lang='lat'>..40-</span> 
     </span>
    </p>
   </div>
   <div class='ocr_carea' id='block_1_2' title="bbox 147 284 1758 2969">
    <p class='ocr_par' dir='ltr' id='par_1_2' title="bbox 147 284 1758 699">
     <span class='ocr_line' id='line_1_2' title="bbox 147 284 1758 345; baseline 0.002 -15"><span class='ocrx_word' id='word_1_2' title='bbox 147 294 150 297; x_wconf 86' lang='grc'><strong><em>·</em></strong></span> <span class='ocrx_word' id='word_1_3' title='bbox 223 284 302 330; x_wconf 92' lang='lat' dir='ltr'><strong>bus</strong></span> <span class='ocrx_word' id='word_1_4' title='bbox 318 284 412 342; x_wconf 91' lang='lat' dir='ltr'><strong>ipse</strong></span> <span class='ocrx_word' id='word_1_5' title='bbox 430 298 515 329; x_wconf 88' lang='lat' dir='ltr'><strong>non</strong></span> <span class='ocrx_word' id='word_1_6' title='bbox 532 285 735 339; x_wconf 86' lang='lat' dir='ltr'><strong>interfuit,</strong></span> <span class='ocrx_word' id='word_1_7' title='bbox 758 286 938 331; x_wconf 86' lang='lat' dir='ltr'><strong>maxime</strong></span> <span class='ocrx_word' id='word_1_8' title='bbox 950 299 1002 331; x_wconf 90' lang='lat' dir='ltr'><strong>ex</strong></span> <span class='ocrx_word' id='word_1_9' title='bbox 1014 299 1087 331; x_wconf 88' lang='lat' dir='ltr'><strong>ore</strong></span> <span class='ocrx_word' id='word_1_10' title='bbox 1106 286 1410 345; x_wconf 78' lang='lat' dir='ltr'><strong>Spartanorum</strong></span> <span class='ocrx_word' id='word_1_11' title='bbox 1422 298 1518 333; x_wconf 87' lang='lat' dir='ltr'><strong>eum</strong></span> <span class='ocrx_word' id='word_1_12' title='bbox 1531 287 1758 342; x_wconf 79' lang='lat' dir='ltr'><strong>audivisse,</strong></span> 
     </span>
     <span class='ocr_line' id='line_1_3' title="bbox 224 359 1756 416; baseline 0.003 -15"><span class='ocrx_word' id='word_1_13' title='bbox 224 371 352 413; x_wconf 91' lang='lat' dir='ltr'><strong>quum</strong></span> <span class='ocrx_word' id='word_1_14' title='bbox 381 372 525 402; x_wconf 92' lang='lat' dir='ltr'><strong>omnes</strong></span> <span class='ocrx_word' id='word_1_15' title='bbox 548 359 773 411; x_wconf 84' lang='lat' dir='ltr'><strong>orationes,</strong></span> <span class='ocrx_word' id='word_1_16' title='bbox 801 372 907 414; x_wconf 88' lang='lat' dir='ltr'><strong>quas</strong></span> <span class='ocrx_word' id='word_1_17' title='bbox 932 360 977 402; x_wconf 90' lang='lat' dir='ltr'><strong>in</strong></span> <span class='ocrx_word' id='word_1_18' title='bbox 994 360 1298 416; x_wconf 73' lang='lat' dir='ltr'>posterioribus</span> <span class='ocrx_word' id='word_1_19' title='bbox 1325 361 1445 405; x_wconf 84' lang='lat' dir='ltr'><strong>libris</strong></span> <span class='ocrx_word' id='word_1_20' title='bbox 1466 361 1653 415; x_wconf 87' lang='lat' dir='ltr'><strong>inseruit,</strong></span> <span class='ocrx_word' id='word_1_21' title='bbox 1680 364 1756 406; x_wconf 83' lang='lat' dir='ltr'><strong>aut</strong></span> 
     </span>
     <span class='ocr_line' id='line_1_4' title="bbox 223 421 1754 488; baseline 0.003 -15"><span class='ocrx_word' id='word_1_22' title='bbox 223 427 405 486; x_wconf 85' lang='lat' dir='ltr'><strong>Spartae</strong></span> <span class='ocrx_word' id='word_1_23' title='bbox 442 432 518 474; x_wconf 89' lang='lat' dir='ltr'><strong>aut</strong></span> <span class='ocrx_word' id='word_1_24' title='bbox 542 443 682 475; x_wconf 88' lang='lat' dir='ltr'><strong>coram</strong></span> <span class='ocrx_word' id='word_1_25' title='bbox 709 430 901 488; x_wconf 89' lang='lat' dir='ltr'><strong>pluribus</strong></span> <span class='ocrx_word' id='word_1_26' title='bbox 929 429 1273 477; x_wconf 76' lang='lat' dir='ltr'><strong>Lacedaemoniis</strong></span> <span class='ocrx_word' id='word_1_27' title='bbox 1301 431 1470 478; x_wconf 87' lang='lat' dir='ltr'><strong>habitas</strong></span> <span class='ocrx_word' id='word_1_28' title='bbox 1494 445 1587 477; x_wconf 89' lang='lat' dir='ltr'><strong>esse</strong></span> <span class='ocrx_word' id='word_1_29' title='bbox 1614 421 1754 478; x_wconf 68' lang='lat' dir='ltr'><strong>videa-¹</strong></span> 
     </span>
     <span class='ocr_line' id='line_1_5' title="bbox 221 501 1756 560; baseline 0.002 -17"><span class='ocrx_word' id='word_1_30' title='bbox 221 514 328 544; x_wconf 88' lang='lat' dir='ltr'><strong>mus.</strong></span> <span class='ocrx_word' id='word_1_31' title='bbox 387 501 526 556; x_wconf 80' lang='lat' dir='ltr'><strong>Atque</strong></span> <span class='ocrx_word' id='word_1_32' title='bbox 552 502 615 546; x_wconf 88' lang='lat' dir='ltr'><strong>ita</strong></span> <span class='ocrx_word' id='word_1_33' title='bbox 644 516 810 557; x_wconf 91' lang='lat' dir='ltr'><strong>quoque</strong></span> <span class='ocrx_word' id='word_1_34' title='bbox 834 502 993 546; x_wconf 86' lang='lat' dir='ltr'><strong>factum</strong></span> <span class='ocrx_word' id='word_1_35' title='bbox 1020 505 1106 555; x_wconf 88' lang='lat' dir='ltr'><strong>est,</strong></span> <span class='ocrx_word' id='word_1_36' title='bbox 1146 506 1195 547; x_wconf 94' lang='lat' dir='ltr'><strong>ut</strong></span> <span class='ocrx_word' id='word_1_37' title='bbox 1222 517 1306 559; x_wconf 92' lang='lat' dir='ltr'><strong>quo</strong></span> <span class='ocrx_word' id='word_1_38' title='bbox 1333 503 1507 560; x_wconf 88' lang='lat' dir='ltr'><strong>propius</strong></span> <span class='ocrx_word' id='word_1_39' title='bbox 1536 503 1595 547; x_wconf 87' lang='lat' dir='ltr'><strong>ad</strong></span> <span class='ocrx_word' id='word_1_40' title='bbox 1629 502 1756 553; x_wconf 86' lang='lat' dir='ltr'><strong>finem</strong></span> 
     </span>
     <span class='ocr_line' id='line_1_6' title="bbox 222 569 1755 630; baseline 0.004 -17"><span class='ocrx_word' id='word_1_41' title='bbox 222 569 532 615; x_wconf 88' lang='lat' dir='ltr'><strong>Hellenicorum</strong></span> <span class='ocrx_word' id='word_1_42' title='bbox 568 572 827 625; x_wconf 81' lang='lat' dir='ltr'><strong>accedimus,</strong></span> <span class='ocrx_word' id='word_1_43' title='bbox 864 586 914 617; x_wconf 93' lang='lat' dir='ltr'><strong>eo</strong></span> <span class='ocrx_word' id='word_1_44' title='bbox 951 573 1087 630; x_wconf 84' lang='lat' dir='ltr'><strong>magis</strong></span> <span class='ocrx_word' id='word_1_45' title='bbox 1124 586 1230 630; x_wconf 91' lang='lat' dir='ltr'><strong>opus</strong></span> <span class='ocrx_word' id='word_1_46' title='bbox 1259 572 1608 630; x_wconf 89' lang='lat' dir='ltr'><strong>Xenophonteum</strong></span> <span class='ocrx_word' id='word_1_47' title='bbox 1637 570 1755 619; x_wconf 74' lang='lat' dir='ltr'><strong>Pel&#39;o-</strong></span> 
     </span>
     <span class='ocr_line' id='line_1_7' title="bbox 221 643 1549 699; baseline 0.002 -14"><span class='ocrx_word' id='word_1_48' title='bbox 221 643 570 698; x_wconf 90' lang='lat' dir='ltr'><strong>ponnesiacorum</strong></span> <span class='ocrx_word' id='word_1_49' title='bbox 592 657 719 699; x_wconf 89' lang='lat' dir='ltr'><strong>quam</strong></span> <span class='ocrx_word' id='word_1_50' title='bbox 747 644 1000 688; x_wconf 89' lang='lat' dir='ltr'><strong>Graecorum</strong></span> <span class='ocrx_word' id='word_1_51' title='bbox 1026 643 1203 688; x_wconf 88' lang='lat' dir='ltr'><strong>historia</strong></span> <span class='ocrx_word' id='word_1_52' title='bbox 1227 644 1420 689; x_wconf 80' lang='lat' dir='ltr'><strong>videatur</strong></span> <span class='ocrx_word' id='word_1_53' title='bbox 1446 657 1549 688; x_wconf 87' lang='lat' dir='ltr'><strong>esse.</strong></span> 
     </span>
    </p>

    <p class='ocr_par' dir='ltr' id='par_1_3' title="bbox 206 704 1757 2969">
     <span class='ocr_line' id='line_1_8' title="bbox 357 704 1755 772; baseline 0.003 -15"><span class='ocrx_word' id='word_1_54' title='bbox 357 712 596 770; x_wconf 87' lang='lat' dir='ltr'><strong>Inaequalis</strong></span> <span class='ocrx_word' id='word_1_55' title='bbox 623 714 784 768; x_wconf 90' lang='lat' dir='ltr'><strong>modus,</strong></span> <span class='ocrx_word' id='word_1_56' title='bbox 812 729 936 772; x_wconf 88' lang='lat' dir='ltr'><strong>quem</strong></span> <span class='ocrx_word' id='word_1_57' title='bbox 961 715 1006 760; x_wconf 91' lang='lat' dir='ltr'><strong>in</strong></span> <span class='ocrx_word' id='word_1_58' title='bbox 1024 715 1151 761; x_wconf 92' lang='lat' dir='ltr'><strong>rebus</strong></span> <span class='ocrx_word' id='word_1_59' title='bbox 1174 715 1406 762; x_wconf 79' lang='lat' dir='ltr'><strong>scribendis</strong></span> <span class='ocrx_word' id='word_1_60' title='bbox 1427 704 1663 772; x_wconf 80' lang='lat' dir='ltr'><strong>Xenophon</strong></span> <span class='ocrx_word' id='word_1_61' title='bbox 1691 728 1755 761; x_wconf 87' lang='lat' dir='ltr'><strong>se-</strong></span> 
     </span>
     <span class='ocr_line' id='line_1_9' title="bbox 221 786 1755 838; baseline 0.003 -11"><span class='ocrx_word' id='word_1_62' title='bbox 221 787 343 828; x_wconf 90' lang='lat' dir='ltr'><strong>cutus</strong></span> <span class='ocrx_word' id='word_1_63' title='bbox 373 789 449 838; x_wconf 88' lang='lat' dir='ltr'><strong>est,</strong></span> <span class='ocrx_word' id='word_1_64' title='bbox 477 787 522 828; x_wconf 92' lang='lat' dir='ltr'><strong>in</strong></span> <span class='ocrx_word' id='word_1_65' title='bbox 547 787 656 830; x_wconf 90' lang='lat' dir='ltr'><strong>libro</strong></span> <span class='ocrx_word' id='word_1_66' title='bbox 684 787 742 830; x_wconf 91' lang='lat' dir='ltr'><strong>VI</strong></span> <span class='ocrx_word' id='word_1_67' title='bbox 774 788 943 831; x_wconf 87' lang='lat' dir='ltr'><strong>evidens</strong></span> <span class='ocrx_word' id='word_1_68' title='bbox 974 790 1019 831; x_wconf 91' lang='lat' dir='ltr'><strong>et</strong></span> <span class='ocrx_word' id='word_1_69' title='bbox 1047 788 1292 832; x_wconf 89' lang='lat' dir='ltr'><strong>manifestus</strong></span> <span class='ocrx_word' id='word_1_70' title='bbox 1319 791 1394 831; x_wconf 90' lang='lat' dir='ltr'><strong>est.</strong></span> <span class='ocrx_word' id='word_1_71' title='bbox 1452 786 1620 831; x_wconf 71' lang='lat' dir='ltr'><strong>»Iasonis</strong></span> <span class='ocrx_word' id='word_1_72' title='bbox 1648 786 1755 831; x_wconf 89' lang='lat' dir='ltr'><strong>Phe-</strong></span> 
     </span>
     <span class='ocr_line' id='line_1_10' title="bbox 221 856 1756 917; baseline 0.003 -18"><span class='ocrx_word' id='word_1_73' title='bbox 221 856 311 900; x_wconf 89' lang='lat' dir='ltr'><strong>raei</strong></span> <span class='ocrx_word' id='word_1_74' title='bbox 338 857 513 901; x_wconf 89' lang='lat' dir='ltr'><strong>consilia</strong></span> <span class='ocrx_word' id='word_1_75' title='bbox 550 871 703 913; x_wconf 90' lang='lat' dir='ltr'><strong>resque</strong></span> <span class='ocrx_word' id='word_1_76' title='bbox 740 862 883 915; x_wconf 85' lang='lat' dir='ltr'><strong>gestas</strong></span> <span class='ocrx_word' id='word_1_77' title='bbox 920 859 1090 904; x_wconf 83' lang='lat' dir='ltr'><strong>abunde</strong></span> <span class='ocrx_word' id='word_1_78' title='bbox 1115 860 1317 917; x_wconf 88' lang='lat' dir='ltr'><strong>explicat,</strong></span> <span class='ocrx_word' id='word_1_79' title='bbox 1357 872 1465 914; x_wconf 88' lang='lat' dir='ltr'><strong>quae</strong></span> <span class='ocrx_word' id='word_1_80' title='bbox 1494 871 1572 914; x_wconf 90' lang='lat' dir='ltr'><strong>pro</strong></span> <span class='ocrx_word' id='word_1_81' title='bbox 1610 871 1756 916; x_wconf 82' lang='lat' dir='ltr'><strong>pugna</strong></span> 
     </span>
     <span class='ocr_line' id='line_1_11' title="bbox 220 927 1756 987; baseline 0.001 -17"><span class='ocrx_word' id='word_1_82' title='bbox 220 927 442 970; x_wconf 78' lang='lat' dir='ltr'><strong>Leuctrica</strong></span> <span class='ocrx_word' id='word_1_83' title='bbox 489 928 658 971; x_wconf 85' lang='lat' dir='ltr'><strong>brevius</strong></span> <span class='ocrx_word' id='word_1_84' title='bbox 701 928 880 973; x_wconf 88' lang='lat' dir='ltr'><strong>dicenda</strong></span> <span class='ocrx_word' id='word_1_85' title='bbox 923 933 1055 973; x_wconf 89' lang='lat' dir='ltr'><strong>erant.</strong></span> <span class='ocrx_word' id='word_1_86' title='bbox 1123 929 1435 987; x_wconf 83' lang='lat' dir='ltr'><strong>Polydamantis</strong></span> <span class='ocrx_word' id='word_1_87' title='bbox 1480 932 1524 972; x_wconf 92' lang='lat' dir='ltr'><strong>et</strong></span> <span class='ocrx_word' id='word_1_88' title='bbox 1571 928 1756 986; x_wconf 82' lang='lat' dir='ltr'><strong>Cligenis</strong></span> 
     </span>
     <span class='ocr_line' id='line_1_12' title="bbox 220 998 1755 1058; baseline 0.001 -16"><span class='ocrx_word' id='word_1_89' title='bbox 220 998 418 1042; x_wconf 89' lang='lat' dir='ltr'><strong>Aeanthii</strong></span> <span class='ocrx_word' id='word_1_90' title='bbox 443 999 678 1055; x_wconf 87' lang='lat' dir='ltr'><strong>legatorum</strong></span> <span class='ocrx_word' id='word_1_91' title='bbox 714 1000 867 1057; x_wconf 88' lang='lat' dir='ltr'><strong>longae</strong></span> <span class='ocrx_word' id='word_1_92' title='bbox 896 1003 1108 1046; x_wconf 90' lang='lat' dir='ltr'><strong>orationes</strong></span> <span class='ocrx_word' id='word_1_93' title='bbox 1148 1001 1465 1058; x_wconf 83' lang='lat' dir='ltr'><strong>diligentissime</strong></span> <span class='ocrx_word' id='word_1_94' title='bbox 1493 998 1755 1057; x_wconf 76' lang='lat' dir='ltr'><strong>conscriptae</strong></span> 
     </span>
     <span class='ocr_line' id='line_1_13' title="bbox 221 1070 1754 1130; baseline 0.001 -17"><span class='ocrx_word' id='word_1_95' title='bbox 221 1070 469 1114; x_wconf 88' lang='lat' dir='ltr'><strong>documento</strong></span> <span class='ocrx_word' id='word_1_96' title='bbox 498 1074 608 1124; x_wconf 89' lang='lat' dir='ltr'><strong>sunt,</strong></span> <span class='ocrx_word' id='word_1_97' title='bbox 639 1075 899 1128; x_wconf 84' lang='lat' dir='ltr'><strong>quantopere</strong></span> <span class='ocrx_word' id='word_1_98' title='bbox 930 1073 1220 1130; x_wconf 79' lang='grc' dir='ltr'><em>δραματικῶς,</em></span> <span class='ocrx_word' id='word_1_99' title='bbox 1245 1076 1294 1116; x_wconf 88' lang='lat' dir='ltr'><strong>ut</strong></span> <span class='ocrx_word' id='word_1_100' title='bbox 1316 1072 1378 1115; x_wconf 85' lang='lat' dir='ltr'><strong>ita</strong></span> <span class='ocrx_word' id='word_1_101' title='bbox 1397 1070 1545 1123; x_wconf 90' lang='lat' dir='ltr'><strong>dicam,</strong></span> <span class='ocrx_word' id='word_1_102' title='bbox 1568 1084 1637 1115; x_wconf 88' lang='lat' dir='ltr'><strong>res</strong></span> <span class='ocrx_word' id='word_1_103' title='bbox 1654 1070 1754 1115; x_wconf 86' lang='lat' dir='ltr'><strong>scri-</strong></span> 
     </span>
     <span class='ocr_line' id='line_1_14' title="bbox 219 1141 1753 1199; baseline -0.001 -13"><span class='ocrx_word' id='word_1_104' title='bbox 219 1142 348 1186; x_wconf 88' lang='lat' dir='ltr'><strong>bendi</strong></span> <span class='ocrx_word' id='word_1_105' title='bbox 375 1141 589 1185; x_wconf 90' lang='lat' dir='ltr'><strong>studiosus</strong></span> <span class='ocrx_word' id='word_1_106' title='bbox 612 1142 850 1199; x_wconf 90' lang='lat' dir='ltr'><strong>Xenophon</strong></span> <span class='ocrx_word' id='word_1_107' title='bbox 880 1145 946 1188; x_wconf 88' lang='lat' dir='ltr'><strong>sit.</strong></span> <span class='ocrx_word' id='word_1_108' title='bbox 1003 1144 1235 1199; x_wconf 78' lang='lat' dir='ltr'><strong>Utramque</strong></span> <span class='ocrx_word' id='word_1_109' title='bbox 1271 1157 1375 1199; x_wconf 89' lang='lat' dir='ltr'><strong>opus</strong></span> <span class='ocrx_word' id='word_1_110' title='bbox 1407 1141 1753 1198; x_wconf 86' lang='lat' dir='ltr'><strong>Xenophonteum</strong></span> 
     </span>
     <span class='ocr_line' id='line_1_15' title="bbox 222 1212 1755 1272; baseline 0 -16"><span class='ocrx_word' id='word_1_111' title='bbox 222 1225 314 1256; x_wconf 91' lang='lat' dir='ltr'><strong>esse</strong></span> <span class='ocrx_word' id='word_1_112' title='bbox 352 1217 543 1269; x_wconf 87' lang='lat' dir='ltr'><strong>apparet,</strong></span> <span class='ocrx_word' id='word_1_113' title='bbox 582 1227 689 1270; x_wconf 86' lang='lat' dir='ltr'><strong>quas</strong></span> <span class='ocrx_word' id='word_1_114' title='bbox 723 1217 873 1258; x_wconf 81' lang='lat' dir='ltr'><strong>auctor</strong></span> <span class='ocrx_word' id='word_1_115' title='bbox 901 1214 1059 1259; x_wconf 89' lang='lat' dir='ltr'><strong>idcirco</strong></span> <span class='ocrx_word' id='word_1_116' title='bbox 1094 1214 1369 1272; x_wconf 89' lang='lat' dir='ltr'><strong>interposuit,</strong></span> <span class='ocrx_word' id='word_1_117' title='bbox 1408 1217 1456 1257; x_wconf 92' lang='lat' dir='ltr'><strong>ut</strong></span> <span class='ocrx_word' id='word_1_118' title='bbox 1481 1213 1661 1257; x_wconf 90' lang='lat' dir='ltr'><strong>lectores</strong></span> <span class='ocrx_word' id='word_1_119' title='bbox 1700 1212 1755 1257; x_wconf 88' lang='lat' dir='ltr'><strong>de</strong></span> 
     </span>
     <span class='ocr_line' id='line_1_16' title="bbox 220 1283 1753 1330; baseline -0.001 -2"><span class='ocrx_word' id='word_1_120' title='bbox 220 1285 385 1328; x_wconf 89' lang='lat' dir='ltr'><strong>Iasonis</strong></span> <span class='ocrx_word' id='word_1_121' title='bbox 414 1289 458 1329; x_wconf 91' lang='lat' dir='ltr'><strong>et</strong></span> <span class='ocrx_word' id='word_1_122' title='bbox 475 1286 652 1329; x_wconf 89' lang='lat' dir='ltr'><strong>aliorum</strong></span> <span class='ocrx_word' id='word_1_123' title='bbox 671 1286 798 1329; x_wconf 91' lang='lat' dir='ltr'><strong>rebus</strong></span> <span class='ocrx_word' id='word_1_124' title='bbox 826 1289 953 1329; x_wconf 89' lang='lat' dir='ltr'><strong>antea</strong></span> <span class='ocrx_word' id='word_1_125' title='bbox 970 1286 1341 1330; x_wconf 87' lang='lat' dir='ltr'><strong>commemorandis</strong></span> <span class='ocrx_word' id='word_1_126' title='bbox 1365 1286 1564 1329; x_wconf 86' lang='lat' dir='ltr'><strong>certiores</strong></span> <span class='ocrx_word' id='word_1_127' title='bbox 1588 1283 1753 1328; x_wconf 87' lang='lat' dir='ltr'><strong>fierent.</strong></span> 
     </span>
     <span class='ocr_line' id='line_1_17' title="bbox 222 1355 1756 1413; baseline 0 -15"><span class='ocrx_word' id='word_1_128' title='bbox 222 1355 362 1407; x_wconf 85' lang='lat' dir='ltr'><strong>Quod,</strong></span> <span class='ocrx_word' id='word_1_129' title='bbox 395 1356 643 1412; x_wconf 86' lang='lat' dir='ltr'><strong>priusquam</strong></span> <span class='ocrx_word' id='word_1_130' title='bbox 669 1356 875 1412; x_wconf 88' lang='lat' dir='ltr'><strong>proelium</strong></span> <span class='ocrx_word' id='word_1_131' title='bbox 895 1356 1008 1412; x_wconf 88' lang='lat' dir='ltr'><strong>apud</strong></span> <span class='ocrx_word' id='word_1_132' title='bbox 1032 1357 1213 1400; x_wconf 87' lang='lat' dir='ltr'><strong>Leuctra</strong></span> <span class='ocrx_word' id='word_1_133' title='bbox 1248 1356 1539 1413; x_wconf 89' lang='lat' dir='ltr'><strong>exponendum</strong></span> <span class='ocrx_word' id='word_1_134' title='bbox 1567 1355 1756 1411; x_wconf 85' lang='lat' dir='ltr'><strong>suscipit,</strong></span> 
     </span>
     <span class='ocr_line' id='line_1_18' title="bbox 219 1426 1754 1483; baseline -0.002 -13"><span class='ocrx_word' id='word_1_135' title='bbox 219 1426 457 1483; x_wconf 88' lang='lat' dir='ltr'><strong>Xenophon</strong></span> <span class='ocrx_word' id='word_1_136' title='bbox 483 1428 744 1483; x_wconf 86' lang='lat' dir='ltr'><strong>praemunit:</strong></span> <span class='ocrx_word' id='word_1_137' title='bbox 774 1427 1141 1479; x_wconf 89' lang='lat' dir='ltr'><strong>Lacedaemonios,</strong></span> <span class='ocrx_word' id='word_1_138' title='bbox 1170 1431 1219 1471; x_wconf 91' lang='lat' dir='ltr'><strong>ut</strong></span> <span class='ocrx_word' id='word_1_139' title='bbox 1245 1427 1419 1471; x_wconf 89' lang='lat' dir='ltr'><strong>Prothoi</strong></span> <span class='ocrx_word' id='word_1_140' title='bbox 1447 1427 1632 1471; x_wconf 82' lang='lat' dir='ltr'><strong>salutare</strong></span> <span class='ocrx_word' id='word_1_141' title='bbox 1660 1438 1754 1469; x_wconf 89' lang='lat' dir='ltr'><strong>con·</strong></span> 
     </span>
     <span class='ocr_line' id='line_1_19' title="bbox 220 1497 1753 1555; baseline -0.001 -14"><span class='ocrx_word' id='word_1_142' title='bbox 220 1498 361 1541; x_wconf 89' lang='lat' dir='ltr'><strong>silium</strong></span> <span class='ocrx_word' id='word_1_143' title='bbox 388 1498 672 1554; x_wconf 87' lang='lat' dir='ltr'><strong>repudiarent,</strong></span> <span class='ocrx_word' id='word_1_144' title='bbox 698 1513 725 1542; x_wconf 90' lang='lat' dir='ltr'><strong>a</strong></span> <span class='ocrx_word' id='word_1_145' title='bbox 741 1499 944 1543; x_wconf 88' lang='lat' dir='ltr'><strong>daemone</strong></span> <span class='ocrx_word' id='word_1_146' title='bbox 963 1499 1145 1554; x_wconf 91' lang='lat' dir='ltr'><strong>quodam</strong></span> <span class='ocrx_word' id='word_1_147' title='bbox 1170 1499 1371 1555; x_wconf 87' lang='lat' dir='ltr'><strong>impulsos</strong></span> <span class='ocrx_word' id='word_1_148' title='bbox 1389 1498 1519 1542; x_wconf 87' lang='lat' dir='ltr'><strong>fuisse</strong></span> <span class='ocrx_word' id='word_1_149' title='bbox 1542 1497 1627 1551; x_wconf 89' lang='lat' dir='ltr'><strong>(VI,</strong></span> <span class='ocrx_word' id='word_1_150' title='bbox 1643 1501 1683 1549; x_wconf 84' lang='lat'><strong>4,</strong></span> <span class='ocrx_word' id='word_1_151' title='bbox 1699 1498 1753 1550; x_wconf 83' lang='lat'><strong>2),</strong></span> 
     </span>
     <span class='ocr_line' id='line_1_20' title="bbox 220 1568 1756 1627; baseline -0.001 -14"><span class='ocrx_word' id='word_1_152' title='bbox 220 1568 266 1613; x_wconf 91' lang='lat' dir='ltr'><strong>id</strong></span> <span class='ocrx_word' id='word_1_153' title='bbox 294 1583 470 1614; x_wconf 89' lang='lat' dir='ltr'><strong>narrare</strong></span> <span class='ocrx_word' id='word_1_154' title='bbox 494 1570 671 1624; x_wconf 85' lang='lat' dir='ltr'><strong>videtur,</strong></span> <span class='ocrx_word' id='word_1_155' title='bbox 702 1573 750 1614; x_wconf 92' lang='lat' dir='ltr'><strong>ut</strong></span> <span class='ocrx_word' id='word_1_156' title='bbox 773 1570 1048 1627; x_wconf 90' lang='lat' dir='ltr'><strong>ignominiam</strong></span> <span class='ocrx_word' id='word_1_157' title='bbox 1078 1570 1229 1623; x_wconf 87' lang='lat' dir='ltr'><strong>cladis,</strong></span> <span class='ocrx_word' id='word_1_158' title='bbox 1260 1584 1344 1626; x_wconf 92' lang='lat' dir='ltr'><strong>qua</strong></span> <span class='ocrx_word' id='word_1_159' title='bbox 1367 1573 1432 1614; x_wconf 87' lang='lat' dir='ltr'><strong>tot</strong></span> <span class='ocrx_word' id='word_1_160' title='bbox 1458 1571 1756 1624; x_wconf 83' lang='lat' dir='ltr'><strong>tantarumque</strong></span> 
     </span>
     <span class='ocr_line' id='line_1_21' title="bbox 219 1640 1757 1697; baseline 0 -14"><span class='ocrx_word' id='word_1_161' title='bbox 219 1641 467 1684; x_wconf 88' lang='lat' dir='ltr'><strong>iniuriarum</strong></span> <span class='ocrx_word' id='word_1_162' title='bbox 492 1642 814 1685; x_wconf 90' lang='lat' dir='ltr'><strong>Lacedaemonii</strong></span> <span class='ocrx_word' id='word_1_163' title='bbox 848 1655 1006 1697; x_wconf 90' lang='lat' dir='ltr'><strong>poenas</strong></span> <span class='ocrx_word' id='word_1_164' title='bbox 1038 1642 1245 1685; x_wconf 90' lang='lat' dir='ltr'><strong>dederunt</strong></span> <span class='ocrx_word' id='word_1_165' title='bbox 1258 1674 1268 1693; x_wconf 96' lang='lat'><strong>,</strong></span> <span class='ocrx_word' id='word_1_166' title='bbox 1306 1642 1447 1696; x_wconf 91' lang='lat' dir='ltr'><strong>aliquo</strong></span> <span class='ocrx_word' id='word_1_167' title='bbox 1484 1640 1609 1683; x_wconf 92' lang='lat' dir='ltr'><strong>modo</strong></span> <span class='ocrx_word' id='word_1_168' title='bbox 1637 1640 1757 1683; x_wconf 88' lang='lat' dir='ltr'><strong>dimi-</strong></span> 
     </span>
     <span class='ocr_line' id='line_1_22' title="bbox 219 1710 1756 1769; baseline -0.001 -14"><span class='ocrx_word' id='word_1_169' title='bbox 219 1715 381 1756; x_wconf 88' lang='lat' dir='ltr'><strong>nueret.</strong></span> <span class='ocrx_word' id='word_1_170' title='bbox 442 1713 621 1765; x_wconf 88' lang='lat' dir='ltr'><strong>Causas,</strong></span> <span class='ocrx_word' id='word_1_171' title='bbox 651 1713 803 1769; x_wconf 90' lang='lat' dir='ltr'><strong>quibus</strong></span> <span class='ocrx_word' id='word_1_172' title='bbox 833 1712 961 1757; x_wconf 87' lang='lat' dir='ltr'><strong>duces</strong></span> <span class='ocrx_word' id='word_1_173' title='bbox 994 1713 1236 1765; x_wconf 90' lang='lat' dir='ltr'><strong>Thebanos,</strong></span> <span class='ocrx_word' id='word_1_174' title='bbox 1275 1715 1323 1756; x_wconf 94' lang='lat' dir='ltr'><strong>ut</strong></span> <span class='ocrx_word' id='word_1_175' title='bbox 1350 1713 1395 1756; x_wconf 92' lang='lat' dir='ltr'><strong>in</strong></span> <span class='ocrx_word' id='word_1_176' title='bbox 1422 1712 1555 1756; x_wconf 87' lang='lat' dir='ltr'><strong>aciem</strong></span> <span class='ocrx_word' id='word_1_177' title='bbox 1584 1710 1756 1755; x_wconf 86' lang='lat' dir='ltr'><strong>descen·</strong></span> 
     </span>
     <span class='ocr_line' id='line_1_23' title="bbox 220 1781 1756 1839; baseline -0.001 -14"><span class='ocrx_word' id='word_1_178' title='bbox 220 1783 370 1826; x_wconf 78' lang='lat' dir='ltr'><strong>dorent</strong></span> <span class='ocrx_word' id='word_1_179' title='bbox 392 1783 599 1827; x_wconf 89' lang='lat' dir='ltr'><strong>adductos</strong></span> <span class='ocrx_word' id='word_1_180' title='bbox 633 1783 763 1827; x_wconf 87' lang='lat' dir='ltr'><strong>fuisse</strong></span> <span class='ocrx_word' id='word_1_181' title='bbox 801 1784 949 1827; x_wconf 89' lang='lat' dir='ltr'><strong>scribit</strong></span> <span class='ocrx_word' id='word_1_182' title='bbox 976 1784 1064 1835; x_wconf 93' lang='lat' dir='ltr'><strong>(VI,</strong></span> <span class='ocrx_word' id='word_1_183' title='bbox 1095 1789 1133 1836; x_wconf 87' lang='grc'><strong>4,</strong></span> <span class='ocrx_word' id='word_1_184' title='bbox 1164 1788 1226 1836; x_wconf 90' lang='grc'><strong>6),</strong></span> <span class='ocrx_word' id='word_1_185' title='bbox 1265 1784 1318 1826; x_wconf 89' lang='lat' dir='ltr'><strong>iis</strong></span> <span class='ocrx_word' id='word_1_186' title='bbox 1357 1786 1400 1826; x_wconf 85' lang='lat' dir='ltr'><strong>et</strong></span> <span class='ocrx_word' id='word_1_187' title='bbox 1426 1782 1618 1839; x_wconf 88' lang='lat' dir='ltr'><strong>inprimis</strong></span> <span class='ocrx_word' id='word_1_188' title='bbox 1645 1781 1756 1837; x_wconf 85' lang='lat' dir='ltr'><strong>Epa-</strong></span> 
     </span>
     <span class='ocr_line' id='line_1_24' title="bbox 219 1852 1755 1912; baseline -0.001 -13"><span class='ocrx_word' id='word_1_189' title='bbox 219 1855 419 1899; x_wconf 89' lang='lat' dir='ltr'><strong>minonda</strong></span> <span class='ocrx_word' id='word_1_190' title='bbox 446 1856 643 1912; x_wconf 87' lang='lat' dir='ltr'><strong>indignas</strong></span> <span class='ocrx_word' id='word_1_191' title='bbox 673 1870 765 1900; x_wconf 88' lang='lat' dir='ltr'><strong>esse</strong></span> <span class='ocrx_word' id='word_1_192' title='bbox 796 1857 890 1911; x_wconf 88' lang='lat' dir='ltr'><strong>quis</strong></span> <span class='ocrx_word' id='word_1_193' title='bbox 921 1859 1005 1908; x_wconf 89' lang='lat' dir='ltr'><strong>est,</strong></span> <span class='ocrx_word' id='word_1_194' title='bbox 1045 1856 1118 1911; x_wconf 93' lang='lat' dir='ltr'><strong>qui</strong></span> <span class='ocrx_word' id='word_1_195' title='bbox 1156 1854 1391 1899; x_wconf 79' lang='lat' dir='ltr'><strong>infitietur?</strong></span> <span class='ocrx_word' id='word_1_196' title='bbox 1436 1852 1755 1910; x_wconf 84' lang='lat' dir='ltr'><strong>Epaminondae</strong></span> 
     </span>
     <span class='ocr_line' id='line_1_25' title="bbox 217 1924 1756 1982; baseline -0.001 -14"><span class='ocrx_word' id='word_1_197' title='bbox 217 1939 353 1981; x_wconf 91' lang='lat' dir='ltr'><strong>neque</strong></span> <span class='ocrx_word' id='word_1_198' title='bbox 378 1940 529 1970; x_wconf 90' lang='lat' dir='ltr'><strong>nomen</strong></span> <span class='ocrx_word' id='word_1_199' title='bbox 556 1941 692 1982; x_wconf 92' lang='lat' dir='ltr'><strong>neque</strong></span> <span class='ocrx_word' id='word_1_200' title='bbox 712 1940 862 1969; x_wconf 89' lang='lat' dir='ltr'><strong>novam</strong></span> <span class='ocrx_word' id='word_1_201' title='bbox 886 1928 1105 1977; x_wconf 91' lang='lat' dir='ltr'><strong>rationem,</strong></span> <span class='ocrx_word' id='word_1_202' title='bbox 1134 1940 1218 1981; x_wconf 91' lang='lat' dir='ltr'><strong>qua</strong></span> <span class='ocrx_word' id='word_1_203' title='bbox 1248 1926 1380 1969; x_wconf 91' lang='lat' dir='ltr'><strong>aciem</strong></span> <span class='ocrx_word' id='word_1_204' title='bbox 1398 1925 1598 1968; x_wconf 84' lang='lat' dir='ltr'><strong>instruxit</strong></span> <span class='ocrx_word' id='word_1_205' title='bbox 1615 1924 1756 1978; x_wconf 86' lang='lat' dir='ltr'><strong>(Diod.</strong></span> 
     </span>
     <span class='ocr_line' id='line_1_26' title="bbox 218 1994 1755 2054; baseline -0.002 -12"><span class='ocrx_word' id='word_1_206' title='bbox 218 1997 305 2050; x_wconf 85' lang='lat' dir='ltr'><strong>XV,</strong></span> <span class='ocrx_word' id='word_1_207' title='bbox 336 2001 404 2041; x_wconf 88' lang='lat'><strong>55.</strong></span> <span class='ocrx_word' id='word_1_208' title='bbox 432 1998 542 2041; x_wconf 89' lang='lat' dir='ltr'><strong>Plut.</strong></span> <span class='ocrx_word' id='word_1_209' title='bbox 571 1998 713 2054; x_wconf 88' lang='lat' dir='ltr'><strong>Pelop.</strong></span> <span class='ocrx_word' id='word_1_210' title='bbox 744 2001 840 2054; x_wconf 84' lang='lat'><strong>23),</strong></span> <span class='ocrx_word' id='word_1_211' title='bbox 881 2001 1190 2042; x_wconf 89' lang='lat' dir='ltr'><strong>commemorat.</strong></span> <span class='ocrx_word' id='word_1_212' title='bbox 1249 1997 1453 2052; x_wconf 88' lang='lat' dir='ltr'><strong>Copiosus</strong></span> <span class='ocrx_word' id='word_1_213' title='bbox 1483 1999 1550 2040; x_wconf 91' lang='lat' dir='ltr'><strong>est</strong></span> <span class='ocrx_word' id='word_1_214' title='bbox 1573 1997 1619 2039; x_wconf 91' lang='lat' dir='ltr'><strong>in</strong></span> <span class='ocrx_word' id='word_1_215' title='bbox 1648 1994 1755 2039; x_wconf 83' lang='lat' dir='ltr'><strong>diffi-</strong></span> 
     </span>
     <span class='ocr_line' id='line_1_27' title="bbox 206 2066 1754 2125; baseline -0.003 -12"><span class='ocrx_word' id='word_1_216' title='bbox 206 2069 462 2122; x_wconf 68' lang='lat' dir='ltr'><strong>cultatibus,</strong></span> <span class='ocrx_word' id='word_1_217' title='bbox 496 2069 648 2124; x_wconf 91' lang='lat' dir='ltr'><strong>quibus</strong></span> <span class='ocrx_word' id='word_1_218' title='bbox 674 2072 773 2113; x_wconf 88' lang='lat' dir='ltr'><strong>ante</strong></span> <span class='ocrx_word' id='word_1_219' title='bbox 801 2072 1013 2113; x_wconf 86' lang='lat' dir='ltr'><strong>certamen</strong></span> <span class='ocrx_word' id='word_1_220' title='bbox 1040 2068 1314 2113; x_wconf 89' lang='lat' dir='ltr'><strong>Ladaemonii</strong></span> <span class='ocrx_word' id='word_1_221' title='bbox 1341 2067 1534 2125; x_wconf 89' lang='lat' dir='ltr'><strong>impediti</strong></span> <span class='ocrx_word' id='word_1_222' title='bbox 1562 2066 1754 2119; x_wconf 87' lang='lat' dir='ltr'><strong>fuissent,</strong></span> 
     </span>
     <span class='ocr_line' id='line_1_28' title="bbox 219 2138 1753 2196; baseline -0.002 -12"><span class='ocrx_word' id='word_1_223' title='bbox 219 2141 490 2189; x_wconf 82' lang='lat' dir='ltr'><strong>enarrandis,</strong></span> <span class='ocrx_word' id='word_1_224' title='bbox 516 2155 570 2183; x_wconf 90' lang='lat' dir='ltr'><strong>ne</strong></span> <span class='ocrx_word' id='word_1_225' title='bbox 600 2141 735 2196; x_wconf 88' lang='lat' dir='ltr'><strong>gloria</strong></span> <span class='ocrx_word' id='word_1_226' title='bbox 763 2141 1101 2184; x_wconf 83' lang='lat' dir='ltr'><strong>adversariorum</strong></span> <span class='ocrx_word' id='word_1_227' title='bbox 1129 2140 1261 2183; x_wconf 86' lang='lat' dir='ltr'><strong>nimia</strong></span> <span class='ocrx_word' id='word_1_228' title='bbox 1285 2139 1488 2183; x_wconf 88' lang='lat' dir='ltr'><strong>videatur.</strong></span> <span class='ocrx_word' id='word_1_229' title='bbox 1544 2138 1753 2182; x_wconf 85' lang='lat' dir='ltr'><strong>Virtutem</strong></span> 
     </span>
     <span class='ocr_line' id='line_1_29' title="bbox 217 2209 1753 2265; baseline -0.003 -9"><span class='ocrx_word' id='word_1_230' title='bbox 217 2211 646 2256; x_wconf 89' lang='lat' dir='ltr'><strong>Lacedaemoniorum</strong></span> <span class='ocrx_word' id='word_1_231' title='bbox 674 2211 796 2255; x_wconf 92' lang='lat' dir='ltr'><strong>initio</strong></span> <span class='ocrx_word' id='word_1_232' title='bbox 825 2211 992 2255; x_wconf 86' lang='lat' dir='ltr'><strong>fortiter</strong></span> <span class='ocrx_word' id='word_1_233' title='bbox 1009 2211 1296 2255; x_wconf 89' lang='lat' dir='ltr'><strong>resistentium</strong></span> <span class='ocrx_word' id='word_1_234' title='bbox 1315 2209 1527 2254; x_wconf 84' lang='lat' dir='ltr'><strong>collaudat</strong></span> <span class='ocrx_word' id='word_1_235' title='bbox 1547 2212 1591 2253; x_wconf 90' lang='lat' dir='ltr'><strong>et</strong></span> <span class='ocrx_word' id='word_1_236' title='bbox 1605 2212 1753 2265; x_wconf 82' lang='lat' dir='ltr'><strong>aperte</strong></span> 
     </span>
     <span class='ocr_line' id='line_1_30' title="bbox 217 2280 1754 2339; baseline -0.003 -13"><span class='ocrx_word' id='word_1_237' title='bbox 217 2283 397 2339; x_wconf 88' lang='lat' dir='ltr'><strong>gaudet,</strong></span> <span class='ocrx_word' id='word_1_238' title='bbox 435 2281 550 2336; x_wconf 87' lang='lat' dir='ltr'><strong>quod</strong></span> <span class='ocrx_word' id='word_1_239' title='bbox 579 2281 771 2325; x_wconf 87' lang='lat' dir='ltr'><strong>Thebani</strong></span> <span class='ocrx_word' id='word_1_240' title='bbox 807 2297 833 2325; x_wconf 93' lang='lat' dir='ltr'><strong>a</strong></span> <span class='ocrx_word' id='word_1_241' title='bbox 863 2283 1012 2325; x_wconf 89' lang='lat' dir='ltr'><strong>Iasone</strong></span> <span class='ocrx_word' id='word_1_242' title='bbox 1046 2296 1091 2325; x_wconf 84' lang='lat' dir='ltr'><strong>se</strong></span> <span class='ocrx_word' id='word_1_243' title='bbox 1120 2283 1413 2338; x_wconf 88' lang='lat' dir='ltr'><strong>interponente</strong></span> <span class='ocrx_word' id='word_1_244' title='bbox 1439 2280 1605 2335; x_wconf 88' lang='lat' dir='ltr'><strong>decepti</strong></span> <span class='ocrx_word' id='word_1_245' title='bbox 1644 2282 1754 2322; x_wconf 87' lang='lat' dir='ltr'><strong>sunt.</strong></span> 
     </span>
     <span class='ocr_line' id='line_1_31' title="bbox 217 2350 1752 2408; baseline -0.003 -11"><span class='ocrx_word' id='word_1_246' title='bbox 217 2356 268 2398; x_wconf 95' lang='lat' dir='ltr'><strong>In</strong></span> <span class='ocrx_word' id='word_1_247' title='bbox 294 2356 386 2397; x_wconf 87' lang='lat' dir='ltr'><strong>tota</strong></span> <span class='ocrx_word' id='word_1_248' title='bbox 416 2351 567 2408; x_wconf 89' lang='lat' dir='ltr'><strong>proelii</strong></span> <span class='ocrx_word' id='word_1_249' title='bbox 594 2352 837 2396; x_wconf 86' lang='lat' dir='ltr'><strong>narratione</strong></span> <span class='ocrx_word' id='word_1_250' title='bbox 866 2353 978 2396; x_wconf 89' lang='lat' dir='ltr'><strong>iusto</strong></span> <span class='ocrx_word' id='word_1_251' title='bbox 1013 2353 1204 2397; x_wconf 84' lang='lat' dir='ltr'><strong>breviore</strong></span> <span class='ocrx_word' id='word_1_252' title='bbox 1241 2366 1295 2396; x_wconf 91' lang='lat' dir='ltr'><strong>ne</strong></span> <span class='ocrx_word' id='word_1_253' title='bbox 1328 2352 1544 2395; x_wconf 90' lang='lat' dir='ltr'><strong>minimum</strong></span> <span class='ocrx_word' id='word_1_254' title='bbox 1583 2350 1752 2406; x_wconf 89' lang='lat' dir='ltr'><strong>quidem</strong></span> 
     </span>
     <span class='ocr_line' id='line_1_32' title="bbox 216 2422 1751 2474; baseline -0.003 -5"><span class='ocrx_word' id='word_1_255' title='bbox 216 2425 355 2469; x_wconf 88' lang='lat' dir='ltr'><strong>laudis</strong></span> <span class='ocrx_word' id='word_1_256' title='bbox 383 2424 595 2467; x_wconf 88' lang='lat' dir='ltr'><strong>Thebanis</strong></span> <span class='ocrx_word' id='word_1_257' title='bbox 616 2424 775 2467; x_wconf 88' lang='lat' dir='ltr'><strong>tribuit.</strong></span> <span class='ocrx_word' id='word_1_258' title='bbox 835 2423 969 2474; x_wconf 86' lang='lat' dir='ltr'><strong>Quam</strong></span> <span class='ocrx_word' id='word_1_259' title='bbox 997 2438 1095 2467; x_wconf 86' lang='lat' dir='ltr'><strong>vero</strong></span> <span class='ocrx_word' id='word_1_260' title='bbox 1133 2424 1288 2467; x_wconf 87' lang='lat' dir='ltr'><strong>multus</strong></span> <span class='ocrx_word' id='word_1_261' title='bbox 1328 2427 1393 2466; x_wconf 91' lang='lat' dir='ltr'><strong>est</strong></span> <span class='ocrx_word' id='word_1_262' title='bbox 1425 2424 1470 2466; x_wconf 92' lang='lat' dir='ltr'><strong>in</strong></span> <span class='ocrx_word' id='word_1_263' title='bbox 1500 2422 1751 2474; x_wconf 85' lang='lat' dir='ltr'><strong>constantia,</strong></span> 
     </span>
     <span class='ocr_line' id='line_1_33' title="bbox 218 2493 1749 2552; baseline -0.003 -12"><span class='ocrx_word' id='word_1_264' title='bbox 218 2509 303 2552; x_wconf 90' lang='lat' dir='ltr'><strong>qua</strong></span> <span class='ocrx_word' id='word_1_265' title='bbox 329 2494 653 2539; x_wconf 87' lang='lat' dir='ltr'><strong>Lacedaemonii</strong></span> <span class='ocrx_word' id='word_1_266' title='bbox 687 2498 752 2538; x_wconf 91' lang='lat' dir='ltr'><strong>tot</strong></span> <span class='ocrx_word' id='word_1_267' title='bbox 776 2495 979 2539; x_wconf 89' lang='lat' dir='ltr'><strong>nobilium</strong></span> <span class='ocrx_word' id='word_1_268' title='bbox 1007 2496 1190 2538; x_wconf 85' lang='lat' dir='ltr'><strong>virorum</strong></span> <span class='ocrx_word' id='word_1_269' title='bbox 1219 2494 1390 2538; x_wconf 89' lang='lat' dir='ltr'><strong>caedem</strong></span> <span class='ocrx_word' id='word_1_270' title='bbox 1418 2493 1609 2550; x_wconf 83' lang='lat' dir='ltr'><strong>perpessi</strong></span> <span class='ocrx_word' id='word_1_271' title='bbox 1639 2496 1749 2546; x_wconf 89' lang='lat' dir='ltr'><strong>sunt,</strong></span> 
     </span>
     <span class='ocr_line' id='line_1_34' title="bbox 216 2563 1753 2621; baseline -0.002 -10"><span class='ocrx_word' id='word_1_272' title='bbox 216 2566 447 2617; x_wconf 88' lang='lat' dir='ltr'><strong>laudanda,</strong></span> <span class='ocrx_word' id='word_1_273' title='bbox 477 2565 590 2621; x_wconf 91' lang='lat' dir='ltr'><strong>quod</strong></span> <span class='ocrx_word' id='word_1_274' title='bbox 618 2565 730 2609; x_wconf 90' lang='lat' dir='ltr'><strong>idem</strong></span> <span class='ocrx_word' id='word_1_275' title='bbox 753 2566 837 2609; x_wconf 89' lang='lat' dir='ltr'><strong>alio</strong></span> <span class='ocrx_word' id='word_1_276' title='bbox 866 2566 951 2609; x_wconf 87' lang='lat' dir='ltr'><strong>iam</strong></span> <span class='ocrx_word' id='word_1_277' title='bbox 980 2567 1072 2610; x_wconf 89' lang='lat' dir='ltr'><strong>loco</strong></span> <span class='ocrx_word' id='word_1_278' title='bbox 1100 2565 1269 2619; x_wconf 87' lang='lat' dir='ltr'><strong>fecerat,</strong></span> <span class='ocrx_word' id='word_1_279' title='bbox 1297 2565 1370 2609; x_wconf 92' lang='lat' dir='ltr'><strong>ubi</strong></span> <span class='ocrx_word' id='word_1_280' title='bbox 1397 2578 1505 2620; x_wconf 88' lang='lat' dir='ltr'><strong>quae</strong></span> <span class='ocrx_word' id='word_1_281' title='bbox 1520 2563 1669 2608; x_wconf 87' lang='lat' dir='ltr'><strong>fuisset</strong></span> <span class='ocrx_word' id='word_1_282' title='bbox 1697 2564 1753 2609; x_wconf 94' lang='lat' dir='ltr'><strong>ci-</strong></span> 
     </span>
     <span class='ocr_line' id='line_1_35' title="bbox 214 2637 1749 2693; baseline -0.001 -10"><span class='ocrx_word' id='word_1_283' title='bbox 214 2639 359 2683; x_wconf 82' lang='lat' dir='ltr'><strong>vitatis</strong></span> <span class='ocrx_word' id='word_1_284' title='bbox 383 2637 616 2682; x_wconf 91' lang='lat' dir='ltr'><strong>Laconicae</strong></span> <span class='ocrx_word' id='word_1_285' title='bbox 644 2637 774 2682; x_wconf 86' lang='lat' dir='ltr'><strong>facies</strong></span> <span class='ocrx_word' id='word_1_286' title='bbox 787 2672 797 2691; x_wconf 90' lang='lat'><strong>,</strong></span> <span class='ocrx_word' id='word_1_287' title='bbox 837 2640 985 2683; x_wconf 91' lang='lat' dir='ltr'><strong>nuntio</strong></span> <span class='ocrx_word' id='word_1_288' title='bbox 1015 2639 1068 2683; x_wconf 90' lang='lat' dir='ltr'><strong>de</strong></span> <span class='ocrx_word' id='word_1_289' title='bbox 1094 2652 1235 2683; x_wconf 87' lang='lat' dir='ltr'><strong>morae</strong></span> <span class='ocrx_word' id='word_1_290' title='bbox 1264 2637 1393 2682; x_wconf 88' lang='lat' dir='ltr'><strong>caede</strong></span> <span class='ocrx_word' id='word_1_291' title='bbox 1422 2639 1617 2693; x_wconf 88' lang='lat' dir='ltr'><strong>accepto,</strong></span> <span class='ocrx_word' id='word_1_292' title='bbox 1655 2651 1749 2681; x_wconf 84' lang='lat' dir='ltr'><strong>nar-</strong></span> 
     </span>
     <span class='ocr_line' id='line_1_36' title="bbox 212 2708 1752 2768; baseline -0.002 -13"><span class='ocrx_word' id='word_1_293' title='bbox 212 2711 324 2755; x_wconf 84' lang='lat' dir='ltr'><strong>ravit</strong></span> <span class='ocrx_word' id='word_1_294' title='bbox 352 2709 438 2763; x_wconf 92' lang='lat' dir='ltr'><strong>(IV,</strong></span> <span class='ocrx_word' id='word_1_295' title='bbox 470 2714 507 2762; x_wconf 90' lang='lat'><strong>5,</strong></span> <span class='ocrx_word' id='word_1_296' title='bbox 539 2714 621 2764; x_wconf 85' lang='lat'>14).</span> <span class='ocrx_word' id='word_1_297' title='bbox 680 2710 816 2754; x_wconf 89' lang='lat' dir='ltr'><strong>Multa</strong></span> <span class='ocrx_word' id='word_1_298' title='bbox 845 2712 932 2756; x_wconf 88' lang='lat' dir='ltr'><strong>alia</strong></span> <span class='ocrx_word' id='word_1_299' title='bbox 959 2710 1140 2768; x_wconf 89' lang='lat' dir='ltr'><strong>proferri</strong></span> <span class='ocrx_word' id='word_1_300' title='bbox 1163 2712 1351 2767; x_wconf 88' lang='lat' dir='ltr'><strong>possunt,</strong></span> <span class='ocrx_word' id='word_1_301' title='bbox 1384 2722 1493 2765; x_wconf 88' lang='lat' dir='ltr'><strong>quae</strong></span> <span class='ocrx_word' id='word_1_302' title='bbox 1519 2722 1645 2765; x_wconf 91' lang='lat' dir='ltr'><strong>quam</strong></span> <span class='ocrx_word' id='word_1_303' title='bbox 1673 2708 1752 2752; x_wconf 87' lang='lat' dir='ltr'><strong>ini-</strong></span> 
     </span>
     <span class='ocr_line' id='line_1_37' title="bbox 214 2780 1749 2839; baseline -0.001 -14"><span class='ocrx_word' id='word_1_304' title='bbox 214 2795 342 2838; x_wconf 90' lang='lat' dir='ltr'><strong>quum</strong></span> <span class='ocrx_word' id='word_1_305' title='bbox 371 2780 665 2825; x_wconf 88' lang='lat' dir='ltr'><strong>Thebanorum</strong></span> <span class='ocrx_word' id='word_1_306' title='bbox 689 2781 870 2826; x_wconf 90' lang='lat' dir='ltr'><strong>iudicem</strong></span> <span class='ocrx_word' id='word_1_307' title='bbox 898 2788 942 2827; x_wconf 88' lang='lat' dir='ltr'><strong>et</strong></span> <span class='ocrx_word' id='word_1_308' title='bbox 971 2797 1098 2839; x_wconf 90' lang='lat' dir='ltr'><strong>quam</strong></span> <span class='ocrx_word' id='word_1_309' title='bbox 1137 2782 1221 2826; x_wconf 90' lang='lat' dir='ltr'><strong>fide</strong></span> <span class='ocrx_word' id='word_1_310' title='bbox 1248 2781 1469 2838; x_wconf 85' lang='lat' dir='ltr'><strong>indignum</strong></span> <span class='ocrx_word' id='word_1_311' title='bbox 1502 2781 1749 2837; x_wconf 86' lang='lat' dir='ltr'><strong>scriptorem</strong></span> 
     </span>
     <span class='ocr_line' id='line_1_38' title="bbox 213 2850 1752 2911; baseline -0.001 -14"><span class='ocrx_word' id='word_1_312' title='bbox 213 2854 259 2897; x_wconf 91' lang='lat' dir='ltr'><strong>in</strong></span> <span class='ocrx_word' id='word_1_313' title='bbox 284 2853 412 2897; x_wconf 89' lang='lat' dir='ltr'><strong>rebus</strong></span> <span class='ocrx_word' id='word_1_314' title='bbox 440 2866 584 2896; x_wconf 91' lang='lat' dir='ltr'><strong>eorum</strong></span> <span class='ocrx_word' id='word_1_315' title='bbox 612 2853 926 2899; x_wconf 88' lang='lat' dir='ltr'><strong>conscribendis</strong></span> <span class='ocrx_word' id='word_1_316' title='bbox 955 2853 1191 2911; x_wconf 89' lang='lat' dir='ltr'><strong>Xenophon</strong></span> <span class='ocrx_word' id='word_1_317' title='bbox 1220 2867 1266 2898; x_wconf 90' lang='lat' dir='ltr'><strong>se</strong></span> <span class='ocrx_word' id='word_1_318' title='bbox 1293 2850 1575 2910; x_wconf 73' lang='lat' dir='ltr'><strong>praestiterit„</strong></span> <span class='ocrx_word' id='word_1_319' title='bbox 1615 2853 1752 2896; x_wconf 86' lang='lat' dir='ltr'><strong>osten-</strong></span> 
     </span>
     <span class='ocr_line' id='line_1_39' title="bbox 225 2924 866 2969; baseline 0.002 -1"><span class='ocrx_word' id='word_1_320' title='bbox 225 2925 343 2969; x_wconf 87' lang='lat' dir='ltr'><strong>dunt.</strong></span> <span class='ocrx_word' id='word_1_321' title='bbox 404 2924 488 2968; x_wconf 90' lang='lat' dir='ltr'><strong>Sed</strong></span> <span class='ocrx_word' id='word_1_322' title='bbox 516 2924 623 2968; x_wconf 88' lang='lat' dir='ltr'><strong>haec</strong></span> <span class='ocrx_word' id='word_1_323' title='bbox 650 2924 866 2969; x_wconf 87' lang='lat' dir='ltr'><strong>hactenus.</strong></span> 
     </span>
    </p>
   </div>
   <div class='ocr_carea' id='block_1_3' title="bbox 1876 1890 1897 1915">
    <p class='ocr_par' dir='ltr' id='par_1_4' title="bbox 1876 1890 1897 1915">
     <span class='ocr_line' id='line_1_40' title="bbox 1876 1890 1897 1915; baseline 0 -6"><span class='ocrx_word' id='word_1_324' title='bbox 1876 1890 1897 1915; x_wconf 53' lang='grc' dir='ltr'><strong>ψ</strong></span> 
     </span>
    </p>
   </div>
  </div>
 </body>
</html>
