1929 3200
838 154 890 162 -
947 128 1005 173 23
1061 154 1115 163 .-

350 242 415 286 Ab
442 242 521 286 hoc
543 243 636 287 loco
663 257 746 287 non
774 244 957 289 alienum
986 245 1061 296 est,
1090 242 1218 287 aliam
1245 256 1345 296 rem,
1376 255 1501 299 quam
1524 255 1651 299 quum
1678 242 1736 287 ad

214 310 578 364 Lacedaemonios,
608 317 695 356 tum
711 315 764 356 ad
781 315 1016 358 universam
1027 313 1247 357 Graeciam
1266 314 1490 369 pertineat,
1507 313 1739 369 Xenophon

215 382 380 426 silentio
419 383 771 439 praetervehitur‚
826 398 1180 429 commemorasse.
1237 383 1318 436 Qui
1355 383 1573 428 Hellenica
1611 384 1740 441 paulo

214 455 415 497 attentius
443 449 602 511 legerit,
633 468 727 497 eum
753 469 836 498 non
857 455 1002 511 fugiet,
1030 456 1238 511 Lysandri
1258 456 1434 498 consilia
1461 460 1505 498 et
1530 455 1737 498 fortitudi—

214 538 320 576 nem,
351 525 501 578 quibus
531 530 579 568 ut
605 526 865 580 aliquantum
892 527 1092 582 temporis
1113 527 1242 570 totius
1263 525 1465 584 Graeciae
1484 525 1606 581 quasi
1625 526 1736 581 prin-

214 608 311 650 ceps
356 600 467 637 esset
511 609 736 649 omnesque
780 596 869 638 fere
915 597 1105 639 civitates
1153 597 1209 639 ad
1247 596 1551 651 Spartanorum
1593 600 1739 638 nutum

213 665 551 722 voluntatemque
581 680 672 710 sese
702 670 1010 719 converterent,
1042 666 1234 711 effectum
1264 670 1348 718 est,
1378 680 1528 722 parum
1557 666 1738 710 dilucide

214 737 404 793 exposita
434 751 535 780 esse.
595 737 767 781 Duabus
807 739 997 793 inprimis
1027 739 1081 781 de
1106 739 1243 782 causis
1272 753 1340 790 ea,
1383 751 1493 793 quae
1522 737 1740 782 Hellenica

214 808 267 852 de
294 808 373 853 hoc
401 810 489 852 viro
514 809 682 861 habent,
713 823 797 853 non
815 810 1006 854 sufficere
1025 810 1218 854 arbitror.
1276 809 1421 864 Neque
1439 810 1560 861 enim,
1591 809 1738 863 quanti

212 880 268 923 ad
295 895 364 924 res
394 881 646 924 Graecorum
679 883 875 925 momenti
912 881 1040 925 fuerit
1078 882 1405 925 decemvirorum
1442 884 1485 924 et
1506 880 1738 924 harmosta-

211 965 324 1002 rum,
354 965 457 1006 quos
487 952 699 1003 omnibus,
731 966 835 1007 quas
861 956 1049 1007 ceperat,
1089 953 1326 995 civitatibus
1351 951 1569 1007 Lysander
1605 952 1736 1007 impo-

213 1022 318 1073 suit,
355 1023 596 1066 constitutio
626 1027 788 1066 tantum
826 1038 903 1079 per
937 1023 1217 1068 occassionem
1253 1024 1388 1067 obiter
1417 1026 1739 1066 commemorata

212 1093 300 1146 (ΙΠ,
331 1095 370 1144 4,
402 1098 426 1135 2
457 1098 500 1136 et
528 1094 600 1145 111,
632 1099 670 1146 4,
701 1099 743 1146 7)
772 1107 906 1149 neque
936 1095 1039 1150 quid
1054 1095 1122 1137 'ad
1151 1099 1346 1138 naturam
1375 1094 1630 1149 reipublicae
1657 1094 1736 1136 La-

212 1164 390 1217 conicae,
419 1179 564 1219 quam,
593 1165 629 1207 si
655 1178 925 1219 quemquam,
955 1165 1271 1220 Xenophontem
1295 1165 1560 1221 perspexisse
1588 1164 1738 1220 proba·

210 1235 295 1279 bile
324 1240 408 1288 est,
450 1235 750 1279 immutandam
778 1240 820 1279 et
856 1235 1202 1292 corrumpendam
1239 1236 1414 1279 consilia
1443 1234 1649 1291 Lysandri
1676 1238 1737 1278 at-

212 1320 292 1361 que
317 1307 491 1349 ambitio
520 1307 750 1359 contulerit,
780 1308 883 1350 satis
912 1308 1079 1364 copiose
1097 1307 1337 1363 explicatur.
1395 1307 1474 1349 His
1491 1310 1633 1350 autern
1652 1306 1736 1349 fac-

212 1382 301 1421 tum
331 1392 422 1421 esse
451 1382 625 1428 constat,
657 1382 704 1420 ut
732 1383 775 1421 et
803 1378 1030 1421 dominatio
1057 1378 1482 1421 Lacedaemoniorum
1500 1378 1616 1421 brevi
1634 1380 1737 1421 tem-

210 1463 316 1506 pore
340 1451 466 1492 etiam
494 1450 611 1504 apud
650 1463 741 1499 eos,
784 1452 855 1504 qui
883 1451 938 1493 ab
971 1463 1114 1493 eorum
1143 1454 1266 1505 parte
1295 1438 1519 1500 steterant,
1555 1449 1600 1492 in
1629 1463 1736 1492 sum-

211 1535 321 1563 mum
354 1521 493 1563 odium
521 1522 757 1575 perveniret
785 1525 827 1563 et
853 1521 962 1564 inter
990 1521 1105 1577 ipsos
1125 1521 1478 1564 Lacedaemonios
1508 1520 1618 1563 cives
1643 1533 1736 1576 gra·

210 1592 404 1635 vissimae
432 1591 665 1633 discordiae
679 1596 959 1635 exorerentur.
1019 1592 1157 1646 Atque
1171 1593 1217 1635 id
1230 1606 1282 1635 ex
1298 1592 1466 1642 invidia,
1497 1605 1581 1646 qua
1609 1604 1734 1647 prop-

210 1667 276 1705 ter
302 1662 508 1718 Lysandri
537 1662 683 1704 laudes
712 1662 945 1706 Pausanias
974 1676 1050 1706 rex
1079 1668 1122 1707 et
1149 1663 1294 1719 ephori
1324 1661 1585 1719 flagrabant,
1615 1665 1662 1704 ut
1688 1661 1736 1705 il-

169 1732 172 1733 ’
210 1734 291 1777 lius
321 1734 495 1776 consilia
524 1738 780 1788 conatusque
815 1734 1020 1789 impedire
1049 1734 1286 1784 studerent,
1325 1735 1429 1777 satis
1458 1736 1637 1789 apparet
1667 1732 1734 1785 (II,

210 1810 248 1859 4,
279 1809 333 1848 24
339 1816 348 1856 j
379 1810 422 1848 et
445 1805 552 1849 haec
579 1806 693 1862 apud
709 1805 1028 1863 Xenophontem
1058 1806 1207 1850 verba:
1239 1799 1459 1864 φθονήσαι
1471 1798 1730 1860 Λυσάνδρῳ,

208 1878 246 1920 εἰ
280 1878 639 1933 κατειργασμένος
675 1879 812 1920 ταῦτα
850 1872 937 1932 ἅμα
962 1878 1040 1932 μὲν
1078 1874 1369 1934 εὐδοκιμήσοι,
1417 1872 1506 1933 ἅμα
1540 1877 1589 1919 δὲ
1625 1875 1734 1926 ἰδίας

207 1944 432 2007 ποιήσοιτο
462 1945 643 2007 Ἀθήνας
682 1952 794 2003 κτλ,
824 1963 1076 2006 quamquam
1103 1949 1160 1993 ad
1189 1949 1389 1994 iudicium
1409 1948 1463 1992 de
1491 1947 1734 2005 republicae

208 2021 440 2065 Laconicae
477 2026 591 2065 statu
629 2022 845 2065 ferendum
875 2036 960 2065 non
989 2022 1211 2075 sufficiunt,
1246 2026 1385 2064 tamen
1412 2022 1568 2064 exitum
1591 2020 1734 2076 magni

207 2095 319 2145 belli,
348 2108 469 2149 quem
487 2094 703 2149 Lysander
722 2093 869 2147 effecit,
897 2094 1241 2138 Lacedaemoniis
1256 2108 1340 2137 non
1358 2093 1585 2137 salutarem
1604 2091 1734 2135 fuisse

209 2167 505 2211 demonstrant.
562 2165 795 2221 Xenophon
809 2200 819 2218 ,
859 2180 913 2209 ne
942 2163 1042 2222 quid
1070 2180 1121 2210 ex
1143 2166 1228 2210 illis
1256 2165 1421 2209 arcanis
1447 2165 1631 2221 aperiat,
1667 2176 1732 2206 re-

206 2240 354 2296 ligiose
383 2238 464 2282 sibi
488 2251 634 2280 cavere
647 2238 823 2280 videtur.
880 2237 1000 2289 Quod
1021 2238 1123 2281 mihi
1144 2239 1438 2289 narrationem,
1467 2251 1592 2292 quam
1606 2236 1733 2291 paulo

206 2310 318 2355 infra
343 2309 431 2363 (ΙΙΙ,
456 2314 494 2360 3,
516 2312 556 2361 5)
588 2309 641 2352 de
670 2308 899 2353 Cinadonis
929 2303 1215 2354 coniuratione
1242 2309 1420 2362 exhibet,
1451 2307 1733 2353 consideranti

206 2383 341 2438 magis
370 2382 497 2424 etiam
533 2381 759 2435 probatur,
796 2383 868 2425 ubi
898 2382 951 2425 de
990 2384 1145 2431 causis,
1178 2383 1330 2437 quibus
1368 2382 1424 2425 ad
1462 2381 1543 2424 hoc
1569 2380 1731 2423 facinus

206 2455 449 2498 adolescens
486 2452 689 2509 impulsus
731 2456 814 2505 est,
857 2452 999 2508 plures
1038 2451 1152 2496 haud
1193 2453 1318 2497 dubie
1355 2452 1549 2496 occultat.
1609 2449 1730 2502 Quod

207 2525 289 2568 nisi
317 2524 503 2577 fecisset,
533 2527 790 2579 quantopere
819 2524 1017 2580 Spartani
1046 2525 1100 2567 ab
1127 2538 1198 2574 ea,
1238 2538 1364 2579 quam
1391 2524 1606 2579 Lycurgus
1631 2522 1729 2564 olim

208 2597 499 2653 praescripsit,
548 2596 769 2651 disciplina
813 2597 859 2638 id
905 2597 1058 2639 aetatis
1097 2597 1423 2652 degenerassent
1458 2598 1503 2638 et
1537 2592 1729 2650 inprimis

208 2671 408 2723 quantum
437 2667 490 2710 de
516 2682 655 2710 rerum
690 2667 871 2710 civilium
905 2672 1038 2720 statu,
1080 2668 1133 2711 de
1170 2669 1375 2712 bonorum
1412 2667 1725 2723 aequabilitate,

207 2740 260 2784 de
282 2738 377 2783 aliis
394 2738 520 2782 rebus
539 2738 622 2781 iam
645 2738 908 2781 immutatum
926 2743 1047 2792 esset,
1080 2739 1371 2795 explicandum
1392 2739 1431 2781 ei
1450 2742 1551 2782 erat.
1595 2744 1727 2782 Xeno-

206 2811 340 2865 phon,
371 2814 418 2852 ut
445 2814 509 2852 est
536 2810 747 2853 obtusiore
777 2810 928 2853 mentis
967 2812 1057 2854 acie
1084 2812 1151 2854 vel
1177 2812 1317 2867 potius
1347 2810 1486 2855 studio
1517 2810 1724 2854 Lacedae-

203 2880 453 2933 moniorum,
493 2880 844 2937 conspirationem
872 2895 924 2925 ex
959 2880 1082 2925 unins
1113 2880 1339 2926 Ginadonis
1369 2881 1596 2927 ambitione
1630 2894 1725 2938 pro-
