1929 3200
849 157 1128 201 —12-

216 285 306 326 tum
334 283 388 327 de
412 282 618 342 prospero
645 285 748 330 belli
764 288 914 329 eventu
937 281 1248 341 desperavisse,
1275 280 1350 330 aut
1366 277 1747 342 *epitomatorhan'c

216 369 305 399 rem
334 369 387 399 ex
410 356 639 401 Hellenicis
670 357 896 414 extirpavit
923 361 998 401 aut
1026 357 1272 414 Xenophon,
1301 357 1439 402 studio
1467 350 1745 401 Lacedaemo-

215 427 381 472 niorum
408 429 637 481 adductus,
681 444 735 474 ne
760 430 862 486 quid
888 430 1142 487 ignominiae
1168 430 1222 474 iis
1249 433 1442 488 pararet,
1485 443 1578 474 eam
1606 426 1748 482 omisit

217 499 468 553 (Volckmar.
500 500 527 544 l.
557 516 590 545 c.
620 518 659 559 p.
691 503 777 555 30).
836 502 1072 557 Utrumque
1113 501 1266 555 habet,
1302 516 1384 559 quo
1424 495 1745 546 commendetur.

216 571 298 624 Qui
322 572 433 617 hanc
460 586 550 617 rem
579 587 631 618 ex
659 573 888 618 Hellenicis
914 574 1119 620 excidisse
1147 578 1321 632 putant,
1350 567 1581 627 mentione,
1620 568 1747 630 quam

213 644 465 690 Plutarchus
494 659 661 702 quoque
687 647 734 690 in
762 648 849 691 vita
873 647 1107 693 Alcibiadis
1136 648 1227 692 eius
1253 648 1367 700 facit,
1396 646 1672 698 adducuntur,
1697 647 1747 689 ut

212 717 275 761 ita
303 716 470 762 faciant.
527 718 586 762 At
613 718 907 773 Plutarchum,
948 733 1203 776 quamquam
1232 720 1475 776 saepissime
1498 713 1746 775 Xenophon-

213 788 269 831 tis
299 789 478 845 vestigia
501 790 666 845 premit,
696 791 824 834 etiam
851 790 958 835 alios
987 792 1214 848 scriptores
1240 792 1286 835 in
1306 791 1506 836 auxilium
1534 790 1747 835 vocavisse

215 861 382 904 constat
408 860 476 915 (cf.
505 860 730 905 Volckmar
758 861 786 906 1.
815 876 848 906 c.
876 877 918 918 p.
951 867 1034 915 30).

347 931 452 976 Inde
480 945 508 976 a
536 936 572 986 ξ.
605 937 657 975 27
685 946 820 988 usque
846 934 903 978 ad
932 937 971 989 ξ.
1001 939 1054 977 32
1091 934 1226 978 multa
1256 934 1309 978 de
1327 932 1642 991 Syracusanis,
1671 931 1744 989 qui

212 1002 528 1059 Peloponnesiis
556 1005 714 1048 auxilio
738 1009 952 1058 venerant,
983 1007 1201 1062 leguntur,
1233 1020 1341 1061 quae
1369 1006 1497 1049 variis
1526 1005 1580 1049 de
1608 1004 1746 1050 causis

213 1074 505 1130 gravissimam
535 1076 815 1132 suspicionem
842 1078 1125 1134 corruptionis
1155 1082 1342 1129 movent,
1382 1080 1429 1120 ut
1456 1077 1509 1120 iis
1537 1075 1747 1120 confidere

212 1145 305 1189 iure
335 1145 585 1190 dubitemus.
643 1148 705 1191 Ac
727 1148 908 1203 primum
937 1148 1104 1203 quidem
1144 1151 1291 1191 auctor
1329 1149 1373 1191 in
1408 1147 1475 1191 his
1502 1147 1630 1192 rebus
1656 1161 1746 1191 ver-

214 1216 358 1261 bosior
387 1220 452 1260 est
482 1232 608 1273 quam
638 1233 716 1275 pro
746 1234 890 1263 earum
919 1219 1148 1276 gravitate,
1191 1219 1317 1263 rebus
1346 1218 1517 1262 maximi
1549 1218 1748 1263 momenti

213 1288 338 1332 modo
368 1289 506 1333 obiter
536 1290 766 1345 explicatis.
828 1291 933 1333 Tum
961 1291 1096 1334 oratio
1124 1290 1411 1334 Hermocratis
1448 1290 1562 1345 apud
1593 1285 1747 1334 milites

214 1358 375 1411 habita,
406 1373 535 1415 quae,
564 1364 613 1404 ut
641 1375 768 1417 saepe
794 1361 843 1404 fit
869 1363 914 1405 in
942 1362 1169 1405 Hellenicis
1183 1395 1193 1414 ,
1224 1362 1362 1406 subito
1391 1375 1441 1404 ex
1464 1361 1634 1417 obliquo
1663 1375 1746 1405 ser·-

214 1444 338 1475 mone
365 1432 411 1475 in
437 1435 599 1475 rectum
627 1433 824 1484 vertitur,
861 1433 1003 1490 plures
1032 1445 1099 1476 res
1140 1433 1222 1477 sibi
1254 1435 1540 1488 repugnantes
1575 1431 1748 1477 exhibet

215 1501 283 1556 (cf.
297 1502 351 1545 de
374 1502 426 1546 iis
454 1502 647 1547 Dindorf.
681 1506 725 1546 et
743 1503 953 1548 Breitenb.
974 1504 1031 1547 ad
1056 1504 1161 1555 loc),
1187 1502 1339 1546 deinde
1364 1503 1409 1545 in
1437 1505 1475 1557 ξ.
1491 1507 1543 1544 31
1571 1501 1625 1545 de
1642 1502 1747 1546 Her-

214 1578 401 1618 mocrate
443 1575 766 1630 Tissaphernem
797 1575 977 1631 Spartae
1015 1579 1241 1619 accusante
1280 1575 1340 1629 (id
1372 1575 1485 1629 quod
1514 1574 1745 1630 Thucydid.

213 1645 326 1699 VIII,
356 1649 409 1689 85
437 1646 653 1702 superiore
682 1647 768 1690 iam
794 1661 907 1691 anno
935 1646 1093 1691 factum
1121 1660 1213 1690 esse
1243 1645 1407 1699 scribit)
1438 1648 1492 1699 et,
1520 1645 1700 1701 pecunia
1721 1659 1748 1690 a

213 1717 491 1762 Pharnabazo
517 1718 771 1762 amicissimo
799 1721 976 1774 accepta
992 1753 1001 1769 ,
1031 1719 1235 1773 impetum
1263 1718 1308 1760 in
1336 1717 1519 1773 patriam
1548 1717 1747 1761 moliente

214 1802 266 1833 ea
287 1789 495 1845 leguntur,
526 1791 634 1844 quae
662 1792 837 1846 propter
863 1792 1101 1845 temporum
1128 1789 1320 1832 ordinem
1347 1788 1402 1832 ab
1427 1788 1613 1832 hocloco
1631 1801 1748 1844 pror-

216 1874 287 1904 sus
315 1860 557 1912 abhorrent,
586 1864 676 1904 tum
705 1874 796 1914 eos,
836 1861 909 1917 qui
944 1861 989 1904 in
1009 1860 1297 1904 Hermocratis
1338 1859 1569 1903 exsulantis
1609 1860 1746 1904 locum

216 1931 329 1976 domi
362 1932 527 1976 suffecti
562 1936 701 1984 erant,
741 1936 958 1989 praetores
987 1932 1054 1976 bis
1084 1935 1139 1985 (ξ.
1173 1936 1227 1974 20
1256 1934 1300 1975 et
1324 1935 1394 1984 31)
1434 1931 1479 1973 in
1504 1931 1648 1974 Asiam
1675 1931 1749 1974 ad-

216 2004 381 2048 venisse
408 2004 552 2062 inepte
590 2007 807 2056 narratur,
852 2004 1032 2060 denique
1065 2003 1212 2047 classis
1242 2001 1506 2060 Syracusana
1527 2002 1747 2055 Antandri,

217 2076 498 2131 Pharnabazo
524 2080 706 2130 auctore,
735 2077 972 2127 aedificata,
1004 2075 1172 2131 quando
1201 2078 1245 2117 et
1272 2089 1355 2130 qua
1381 2074 1434 2118 de
1459 2089 1587 2118 causa
1607 2075 1748 2119 subito

218 2148 411 2204 Miletum
439 2148 621 2201 venerit,
661 2161 745 2192 non
773 2147 979 2191 audimus.
1039 2145 1170 2200 Sane,
1201 2146 1238 2189 si
1267 2145 1518 2202 quidquam,
1550 2145 1648 2190 illae
1675 2160 1747 2202 pa-

217 2221 442 2279 ragraphi,
474 2224 521 2264 ut
549 2224 648 2263 sunt
675 2221 827 2263 misere
854 2220 1067 2262 laceratae
1096 2222 1138 2261 et
1165 2218 1385 2270 confusae,
1424 2217 1633 2262 funestam
1662 2232 1749 2261 sor-

218 2296 317 2347 tem,
341 2292 387 2337 in
418 2305 544 2348 quam
570 2290 788 2336 Hellenica
811 2290 1061 2342 inciderunt,
1091 2289 1391 2333 demonstrant.

354 2365 438 2408 Res
464 2379 491 2409 a
519 2362 738 2421 Thrasyllo
766 2363 1013 2407 Atheniensi
1042 2375 1244 2417 prospere
1267 2363 1346 2421 ,ant
1373 2360 1483 2403 male
1511 2363 1657 2416 gestae
1686 2375 1751 2405 sa-

218 2437 275 2482 tis
301 2436 484 2481 dilucide
510 2436 610 2481 inde
634 2450 673 2481 a.
702 2437 751 2488 1.‚
784 2440 850 2488 32,
876 2448 1009 2490 usque
1035 2434 1093 2477 ad
1120 2433 1167 2486 I,
1195 2438 1243 2484 2,
1284 2437 1337 2475 10
1366 2431 1638 2488 explicantur.
1696 2432 1752 2476 At

219 2509 290 2553 hic
314 2522 480 2564 quoque
509 2508 693 2565 singula,
726 2521 779 2551 ne
803 2506 1093 2562 Xenophontis
1124 2504 1358 2548 narrationi
1385 2507 1542 2547 temere
1571 2503 1770 2549 confidas

218 2589 325 2632 mus,
353 2580 579 2624 admonere
595 2580 801 2624 videntur.
859 2578 1050 2634 Namque
1077 2577 1122 2620 in
1146 2580 1183 2630 ξ.
1225 2580 1279 2618 36
1320 2588 1447 2618 naves
1472 2574 1752 2619 Lacedaemo·

219 2652 384 2696 niorum
401 2652 446 2695 in
461 2650 791 2708 Hellespontum,
821 2654 869 2694 ut
897 2652 1173 2695 commeatum
1195 2645 1512 2691 frumentarium
1527 2645 1753 2691 Athenien*

221 2723 331 2767 sium
344 2722 651 2779 interciperent,
682 2722 837 2765 missae
859 2721 1059 2778 fugantur
1075 2732 1203 2775 seque
1226 2717 1394 2762 Sestum
1408 2716 1626 2773 recipiunt.
1668 2717 1754 2761 Ali-

219 2795 333 2841 unde
368 2798 512 2839 tamen
548 2798 602 2849 (1,
634 2798 670 2849 §.
703 2799 767 2848 11,
799 2793 847 2837 cf.
876 2798 914 2846 2,
941 2794 976 2847 ξ.
1003 2796 1072 2846 13)
1113 2793 1371 2848 compertum
1406 2788 1630 2842 habemus,
1673 2788 1754 2835 hoc

220 2868 423 2926 oppidum
451 2868 507 2913 ab
536 2867 862 2912 Atheniensibus
891 2870 982 2911 tum
1009 2867 1258 2921 occupatum
1288 2862 1430 2907 fuisse.
1468 2860 1576 2905 Mihi
1602 2861 1754 2919 proba-

219 2940 509 2995 bilevvidetur,
535 2940 631 2986 illas
655 2954 795 2993 naves,
823 2953 931 2997 quae
945 2937 1073 2996 paulo
1087 2940 1188 2995 post
1205 2934 1453 2993 Byzantium
1482 2933 1754 2985 contendunt,
