1929 3200
817 168 1070 213 ...8-

187 289 279 331 tum
304 286 542 344 Xenophon
568 286 625 332 ab
654 283 972 331 Atheniensium
996 282 1167 341 ingenio
1202 283 1479 340 moribusque>
1497 282 1726 329 abhorreat

187 359 483 416 Laconumque
512 357 690 416 cupidus
713 362 758 403 et
785 357 1000 401 studiosus
1028 356 1096 408 sit,
1123 355 1249 401 facile
1276 356 1417 414 colligi
1442 359 1596 414 potest.

326 431 411 475 Sed
438 432 545 476 haec
573 431 790 475 hactenus.
849 430 1080 484 Postquam
1107 432 1267 483 quanta
1290 429 1396 474 fides
1425 431 1470 473 et
1496 428 1725 473 auctoritas

189 501 481 559 Xenophontis
511 502 714 547 historiae
741 514 919 559 graecae
946 499 1080 552 adsit,
1108 499 1155 543 in
1178 501 1417 546 universum
1444 499 1723 557 exposuimus,

189 587 301 617 nunc
328 587 398 617 res
428 574 630 630 singulae,
659 587 766 629 quas
794 575 953 624 narrat,
980 571 1282 617 examinentur.

937 768 1004 819 Π.

325 867 498 909 Initium
530 864 630 910 libri
666 863 793 920 primi
823 862 959 920 magis
997 877 1125 920 quam
1154 864 1284 909 ullam
1309 866 1438 910 aliam
1467 866 1606 923 operis
1632 880 1727 923 par-

190 942 275 980 tem
298 936 645 992 interpolatorum
674 938 718 978 et
746 935 1036 989 epitomatoris
1050 950 1178 979 manu
1201 941 1443 992 corruptum
1468 951 1574 988 esse,
1599 938 1728 981 inter·

191 1012 333 1066 pretes
360 1007 650 1064 Xenophontis
674 1020 759 1051 uno
788 1019 861 1050 ore
889 1007 1165 1051 consentiunt.
1221 1008 1370 1064 Itaque
1388 1008 1558 1052 difficile
1575 1011 1640 1053 est
1665 997 1728 1052 iu-

194 1079 349 1130 dicatu,
381 1083 585 1134 quantum
612 1078 714 1122 fidei
732 1077 832 1121 huic
861 1077 975 1133 parti
991 1078 1263 1122 tribuendum
1291 1080 1359 1131 sit,
1386 1093 1512 1135 quum
1532 1079 1621 1123 fere
1646 1080 1728 1123 sin·

193 1151 294 1208 gula
326 1164 519 1207 quaeque
559 1150 690 1195 sectio
730 1148 1013 1205 suspicionem
1041 1152 1207 1193 moveat
1237 1163 1374 1205 neque
1398 1151 1638 1194 continuum
1665 1164 1730 1195 re-

192 1236 288 1265 rum
316 1223 507 1266 ordinem
534 1223 620 1266 nisi
649 1221 908 1265 coniiciendo
926 1221 1170 1275 saepissime
1192 1222 1362 1277 assequi
1375 1222 1598 1278 possimus.
1625 1222 1729 1266 Nos·

194 1296 308 1336 trum
336 1297 412 1345 est,
443 1297 493 1336 ut
521 1296 726 1348 quantum
756 1305 818 1344 ea,
850 1305 958 1346 quae
986 1305 1039 1335 ex
1058 1291 1286 1336 Hellenicis
1315 1293 1436 1337 nobis
1450 1293 1597 1337 relicta
1620 1297 1728 1346 sunt,

192 1364 251 1409 ad
287 1379 356 1409 res
395 1365 565 1409 illorum
602 1367 841 1421 temporum
878 1363 1208 1420 cognoscendas,
1248 1363 1499 1409 testimoniis
1540 1364 1728 1419 aliomm,

198 1438 271 1493 qui
298 1438 344 1480 in
374 1437 523 1481 eodem
553 1439 801 1494 argumento
830 1436 986 1480 versati
1013 1439 1123 1488 sunt,
1152 1435 1368 1489 adhibitis,
1394 1437 1574 1490 valeant,
1604 1451 1729 1494 quam

194 1509 442 1554 brevissime
462 1522 730 1564 exponamus.
787 1508 837 1551 In
862 1521 945 1563 quo
973 1508 1153 1552 maxime
1182 1508 1413 1552 cavendum
1441 1512 1516 1561 est,
1546 1524 1599 1554 ne
1627 1510 1730 1555 mul-

198 1584 290 1624 tum
318 1581 579 1625 coniiciendo
606 1595 675 1634 ea,
703 1594 811 1637 quae
834 1593 919 1624 non
937 1580 1022 1624 iam
1052 1580 1187 1623 evinci
1213 1584 1410 1637 possnnt,
1448 1582 1616 1637 assequi
1644 1586 1728 1626 stu-

203 1653 390 1696 deamus.
436 1652 558 1704 Quod
583 1652 699 1696 Aem.
724 1652 926 1696 Muellero
950 1651 1049 1705 („de
1064 1651 1354 1708 Xenophontis
1382 1652 1584 1697 historiae
1611 1668 1730 1710 grae-

198 1737 273 1766 cae
297 1727 421 1779 parte
463 1725 605 1779 priore
645 1724 886 1767 dissertatio
921 1722 1224 1779 chronologica.
1283 1724 1396 1780 Lips.
1426 1729 1551 1778 1856)
1587 1726 1729 1770 multis

196 1796 241 1841 in
282 1795 409 1841 rebus
448 1794 623 1850 accidit,
657 1794 730 1852 qui
764 1808 894 1852 quum
928 1793 1173 1839 admirabili
1212 1808 1314 1840 sane
1354 1796 1587 1854 sagacitate
1629 1797 1732 1843 assi-

199 1869 447 1923 duitateque
487 1868 641 1919 multa,
686 1881 795 1922 quae
834 1868 1004 1910 omnino
1046 1869 1168 1911 nobis
1196 1873 1343 1923 erepta
1376 1882 1468 1911 esse
1496 1873 1609 1925 puto,
1640 1883 1730 1912 eru-

196 1940 282 1984 isse
320 1940 403 1985 sibi
441 1940 555 1984 visus
591 1942 723 1992 esset,
760 1938 818 1984 ad
858 1941 1117 1997 postremum
1144 1938 1284 1985 facere
1323 1954 1408 1985 non
1433 1944 1594 1997 potest,
1628 1941 1729 1998 quin

199 2012 340 2057 omnia.
376 2011 548 2057 incertis
585 2011 836 2057 coniecturis
869 2011 950 2056 niti
981 2024 1074 2056 sese
1110 2025 1194 2056 non
1225 2012 1371 2070 fugere
1407 2012 1499 2070 ipse
1536 2013 1733 2060 fateatur.

198 2084 407 2139 Equidem
431 2098 515 2127 non
543 2084 590 2127 id
615 2097 716 2140 ago,
750 2087 799 2126 ut
826 2083 928 2138 quid
950 2083 1185 2140 Xenophon
1222 2084 1402 2127 fortasse
1431 2086 1647 2140 scripserit
1672 2086 1732 2129 in-

201 2158 365 2212 quiram
395 2156 517 2211 (haec
544 2157 655 2200 enim
683 2155 874 2213 quaestio
902 2169 1077 2212 perraro
1092 2156 1310 2213 profligari
1328 2160 1500 2212 potest),
1531 2156 1607 2200 sed
1631 2158 1733 2213 quid

197 2229 244 2273 in
272 2228 513 2281 Hellenicis,
543 2228 686 2286 qualia
715 2227 884 2285 quidem
911 2242 1022 2274 nunc
1051 2232 1150 2274 sunt
1164 2262 1174 2282 ‚
1194 2229 1286 2274 iure
1314 2228 1594 2282 desideretur,
1633 2228 1734 2286 quid

199 2301 285 2345 fide
313 2301 498 2358 dignum,
529 2302 632 2357 quid
659 2301 797 2345 minus
826 2301 1026 2346 credibile
1054 2302 1121 2353 sit,
1152 2305 1354 2357 quantum
1367 2301 1460 2346 fieri
1483 2305 1637 2357 potest,
1665 2315 1734 2346 ex·

198 2387 368 2431 ponam.
427 2373 521 2426 Qua
547 2373 593 2417 in
619 2386 678 2425 re,
710 2373 974 2429 quantumvis
999 2373 1166 2431 singula
1189 2373 1422 2430 spectanda
1446 2376 1566 2425 sunt,
1591 2376 1736 2419 nostra

200 2445 465 2501 disquisitio,
500 2458 555 2489 ne
578 2444 940 2503 interpretationis
963 2444 1273 2489 Hellenicorum
1301 2445 1527 2489 historicae
1554 2446 1735 2502 speciem

199 2516 369 2569 habeat,
398 2517 501 2574 plus'
524 2517 714 2561 minusve
742 2517 939 2561 universa
967 2529 1061 2560 esse
1089 2516 1225 2570 debet,
1255 2530 1325 2561 res
1337 2517 1510 2561 minoris
1538 2517 1736 2562 momenti

199 2588 501 2646 interpretibus
521 2588 837 2647 investigandas
858 2588 1111 2646 relinquens.
1733 2632 1755 2652 ·

337 2662 399 2706 Ac
434 2661 618 2720 primum
660 2661 848 2719 quidem,
895 2661 1159 2718 quantumvis
1198 2661 1416 2719 Spilleri1)
1467 2663 1511 2704 et
1549 2660 1734 2705 Breiten-

344 2832 369 2877 ¹)
414 2833 579 2879 Spiller
593 2833 853 2871 Commentatio
865 2832 1038 2869 historico
1057 2850 1101 2858 —
1115 2833 1241 2870 critica
1255 2833 1299 2869 de
1311 2831 1562 2876 Xenophontis
1576 2830 1735 2868 Helleni-

206 2891 266 2928 cis.
310 2892 401 2930 Nov.
423 2893 553 2930 Annsl.
575 2892 795 2939 Lips.1840‚
821 2892 937 2939 suppl.
963 2891 1030 2928 vol.
1053 2891 1106 2928 VI
1130 2891 1214 2928 fasc.
1239 2892 1259 2926 1
1285 2891 1333 2936 (p.
1357 2891 1425 2925 ⁵28
1448 2890 1524 2936 sq).
1557 2908 1603 2916 -
1626 2890 1736 2935 Spil-

207 2951 275 2990 ler
297 2952 556 2999 Quaestionum
579 2953 625 2992 de
648 2952 900 3000 Xenophontis
923 2952 1047 2991 histor.
1074 2962 1189 2999 graec.
1216 2951 1397 2998 specimen
1418 2949 1563 2989 Vratisl.
1588 2950 1691 2988 1848.
