1929 3200
860 157 1113 201 ...2-

219 268 322 313 lium
352 271 580 325 conspectu
616 270 799 327 positum
838 272 941 314 erat.
1011 270 1175 315 Deinde
1210 268 1423 325 plerispue
1457 269 1607 325 rebus,
1647 284 1752 328 quas

221 341 403 397 exponit,
433 341 527 398 ipse
551 340 764 394 interfuit,
803 344 851 384 ut
878 342 949 395 iis,
987 356 1098 398 quae
1124 341 1180 385 ab
1211 354 1262 384 eo
1290 340 1516 385 traduntur
1542 346 1618 387 aut
1644 342 1752 387 iudi-

221 416 391 465 cantur,
428 412 535 457 fides
571 427 656 456 non
690 412 939 468 deneganda
971 413 1038 456 sit.
1107 412 1170 456 01.
1199 410 1331 455 XCVI
1344 444 1354 463 ,
1385 416 1410 454 3
1442 415 1539 466 (401
1569 428 1606 458 a.
1635 413 1750 466 chr.)

221 483 410 528 Athenas
441 484 628 540 reliquit,
666 487 714 527 ut
741 483 798 527 ad
826 482 979 540 Cyrum
1008 484 1209 527 minorem
1237 486 1442 538 pergeret.
1499 484 1593 528 Res·
1608 484 1751 542 igitur,

222 570 330 612 quae
358 555 458 600 inde
485 571 513 600 a
541 570 685 613 pugna
711 554 826 612 apud
854 554 1110 612 Cynossema
1137 568 1269 610 usque
1299 553 1357 598 ad
1388 552 1640 611 Thrasybuli
1667 568 1752 600 am-

219 629 400 672 nestiam
435 631 581 685 gestae
616 630 714 671 sunt
759 641 951 683 quaeque
996 628 1144 683 quanti
1190 626 1389 670 momenti
1434 624 1591 671 fuerint
1630 640 1752 671 nemo

218 700 399 756 ignorat,
429 701 475 743 in
498 701 594 755 ipsa
620 700 779 755 patria,
810 699 868 742 ad
897 713 1023 754 quam
1052 700 1150 743 illae
1178 698 1445 742 vehementer
1472 700 1752 755 pertinebant,
1801 684 1811 699 ’

219 783 480 815 commorans
502 770 610 813 vidit
635 773 679 813 et
705 770 959 822 observavit,
989 774 1038 813 ut
1067 784 1226 814 summa
1254 770 1306 813 ei
1326 769 1372 813 in
1405 769 1487 813 hac
1512 770 1754 814 narratione

217 840 325 886 fides
355 841 581 886 tribuenda
608 841 675 893 sit,
704 843 957 898 praesertim
976 856 1103 898 quum
1127 843 1172 885 in
1191 841 1379 885 historiis
1404 840 1570 885 illorum
1586 840 1664 885 VH
1680 855 1753 886 an-

216 926 365 956 norum
395 911 626 956 scribendis
656 913 784 956 etiam
810 914 1128 957 commentarios
1154 927 1182 956 a
1208 912 1451 969 Thucydide
1480 912 1752 957 adumbratos

215 985 271 1028 ab
299 998 349 1027 eo
376 984 591 1027 adhibitos
617 998 710 1027 esse
746 986 835 1028 veri
862 999 946 1029 non
982 985 1303 1028 dissimillimum
1331 985 1397 1028 sit.
1454 984 1553 1040 Gyri
1584 983 1752 1039 expedi-

214 1055 343 1099 tionis
377 1055 581 1099 adversus
618 1054 795 1099 fratrem
835 1070 978 1112 regem
1012 1056 1225 1113 particeps
1262 1055 1343 1099 fuit
1380 1058 1444 1107 et,
1487 1055 1753 1099 adolescente

214 1128 334 1184 regio
361 1127 595 1179 interfecto,
626 1142 755 1183 quum
783 1127 1007 1183 populares
1037 1141 1088 1171 ex
1112 1141 1273 1171 summo
1300 1127 1488 1184 periculo
1517 1127 1750 1183 eripuisset,

215 1198 482 1254 praeclarum
511 1198 686 1252 facinus,
719 1198 828 1253 quod
852 1199 945 1255 ipse
969 1202 1057 1242 tam
1085 1200 1253 1256 egregie
1273 1199 1521 1255 descripsit,
1536 1201 1751 1255 perpetra-

215 1270 287 1314 vit.
349 1271 401 1313 In
439 1271 567 1315 rebus
595 1270 869 1322 Graecorum,
909 1284 1018 1327 quae
1057 1270 1158 1314 inde
1195 1271 1250 1315 ab
1289 1285 1419 1323 anno,
1464 1284 1547 1326 quo
1584 1268 1753 1327 pristini

216 1340 315 1397 Cyri
338 1341 496 1384 milites
525 1355 620 1385 cum
649 1340 873 1384 Thibronis
901 1341 1088 1384 exercitu
1116 1354 1163 1384 se
1190 1342 1503 1394 coniunxerunt,
1531 1353 1665 1396 usque
1694 1338 1751 1382 ad

214 1417 403 1469 pugnam
431 1412 756 1465 Coroneensem,
795 1413 833 1456 si
858 1412 1100 1468 quisquam,
1140 1412 1375 1469 Xenophon
1410 1412 1595 1468 locuples
1629 1402 1750 1456 testis

213 1483 439 1528 habendus
467 1488 541 1527 est.
612 1483 729 1535 Quae
755 1483 803 1538 in
826 1482 909 1527 hac
928 1483 1240 1528 Hellenicorum
1258 1487 1381 1541 parte
1408 1483 1463 1528 de
1484 1483 1749 1540 expeditione

215 1555 453 1609 Thibronis,
481 1555 767 1611 Dercyllidae‚
797 1555 1061 1610 potissimum
1090 1555 1277 1611 Agesilai
1302 1556 1348 1598 in
1375 1556 1527 1600 Persas
1554 1556 1751 1612 leguntur

214 1630 258 1672 et
285 1627 512 1671 maximam
539 1626 669 1671 fidem
695 1625 856 1671 habent
883 1629 926 1670 et
952 1625 1038 1669 iam
1066 1628 1157 1669 tum
1183 1630 1397 1671 auctorem
1425 1626 1610 1685 singula,
1641 1639 1750 1683 quae

212 1702 363 1754 postea
390 1699 630 1743 accuratius
661 1700 907 1753 exponeret,
946 1697 1244 1752 conscripsisse
1281 1698 1518 1741 ostendunt.
1587 1698 1748 1750 Quibus

212 1768 259 1812 in
286 1767 414 1813 rebus
430 1772 591 1824 quanta
616 1768 734 1826 apud
760 1768 997 1825 scriptores,
1029 1769 1101 1823 qui
1118 1771 1268 1824 postea
1294 1767 1473 1822 fuerunt,
1498 1768 1749 1826 Xenophon—

210 1839 268 1882 tis
295 1840 527 1883 auctoritas
552 1839 691 1892 fuerit,
715 1838 816 1882 inde
843 1842 1035 1895 apparet,
1070 1838 1203 1894 quod,
1233 1842 1282 1881 ut
1308 1839 1586 1895 Apollodorus
1613 1853 1750 1897 gram-

211 1910 391 1954 maticus
416 1923 484 1966 ap.
513 1909 667 1954 Euseb.
696 1924 840 1965 praep.
879 1923 1023 1966 evang.
1050 1924 1094 1966 p.
1122 1912 1204 1952 465
1240 1913 1405 1964 narrat,
1444 1910 1747 1967 Theopompus,

213 1996 338 2037 quem
350 1980 474 2025 valde
501 1982 778 2038 suspiciosum
807 1984 850 2024 et
878 1981 935 2026 ad
961 1980 1353 2036 reprehendendum
1383 1986 1552 2038 praeter
1578 1983 1751 2027 modum

211 2051 440 2110 proclivem
479 2051 611 2095 fuisse
648 2051 843 2095 audimus
856 2084 866 2104 ‚
904 2051 1159 2108 colloquium
1184 2051 1372 2109 Agesilai
1408 2055 1455 2098 et
1481 2052 1749 2103 Pharnabazi

213 2138 266 2168 ex
293 2123 364 2167 IV.
390 2123 499 2167 libro
528 2124 840 2168 Hellenicorum
867 2124 954 2167 suis
981 2124 1170 2167 historiis
1196 2124 1382 2172 inserere
1409 2138 1493 2168 non
1527 2126 1747 2172 dubitavit.

213 2193 401 2252 Agesilai
428 2194 552 2251 regis,
583 2208 707 2251 quem
735 2194 1003 2239 vehementer
1029 2194 1314 2248 adamaverat,
1347 2195 1647 2242 consuetudine
1673 2196 1749 2245 diu

211 2265 424 2319 utebatur,
453 2269 502 2310 ut
519 2280 627 2322 quae
651 2266 708 2311 ad
736 2281 805 2312 res
825 2265 1091 2318 Graecorum,
1120 2265 1167 2310 in
1182 2266 1334 2322 quibus
1357 2266 1470 2312 illius
1495 2268 1756 2326 praecipuae:

211 2341 336 2382 erant
372 2341 536 2392 parteS,
566 2338 859 2393 pertinebant,
902 2337 1026 2380 facile
1066 2339 1297 2394 comperire
1324 2342 1481 2394 posset.
1539 2339 1747 2394 Equidem

210 2410 300 2455 veri
327 2409 443 2453 haud
474 2409 677 2454 dissimile
704 2414 820 2465 puto,
849 2409 1169 2465 Xenophontem
1198 2410 1327 2454 etiam
1356 2414 1456 2467 post
1491 2411 1676 2455 reditum
1701 2413 1747 2457 in

209 2481 436 2537 Europam,
471 2494 598 2535 quum
627 2482 712 2524 iam
741 2481 885 2524 sedem
912 2494 964 2523 ac
990 2480 1462 2528 domicilium.Scillunte
1487 2482 1744 2535 collocasset,

209 2567 305 2597 cum
318 2552 391 2596 illo
420 2565 497 2608 per
513 2552 652 2595 varias
681 2553 726 2594 in
744 2552 922 2595 Graecia
945 2551 1232 2607 expeditiones
1257 2552 1368 2596 inter
1381 2549 1486 2604 τοὺς
1502 2553 1602 2611 περὶ
1616 2553 1744 2611 δαμο-

210 2624 304 2675 σίας
329 2623 469 2667 fuisse.
529 2622 615 2675 Qui
648 2623 818 2680 legerit,
860 2637 986 2679 quam
1025 2622 1182 2667 multus
1219 2623 1430 2667 interdum
1457 2624 1513 2668 sit
1545 2625 1592 2669 in
1617 2626 1745 2673 rebus

207 2695 276 2739 vel
304 2694 510 2747 minimis,
539 2708 647 2750 quae
674 2695 733 2739 ad
760 2694 879 2738 illum
903 2694 1039 2737 virum
1065 2694 1291 2751 pertinent,
1320 2696 1585 2750 enarrandis,
1615 2698 1745 2745 veluti

210 2780 339 2824 quam
367 2769 564 2811 accurate
593 2780 701 2822 quae
732 2766 897 2818 dixerit,
927 2765 1083 2822 egerit,
1123 2766 1355 2812 instituerit
1380 2782 1475 2821 rex,
1513 2768 1633 2814 clade
1669 2769 1762 2818 illa

209 2837 266 2883 ab
279 2836 496 2896 Iphicrate
508 2836 937 2882 Lacedaemoniorum
960 2849 1103 2881 morae
1132 2836 1294 2883 inflicta
1312 2837 1402 2895 (IV,
1420 2844 1458 2893 ’1,
1474 2843 1530 2893 4),
1558 2840 1605 2885 id
1619 2840 1762 2891 faciles

209 2909 429 2966 intelliget.
487 2909 735 2966 Xenophon,
758 2924 885 2969 quum
912 2909 1114 2955 Scillunte
1138 2910 1407 2964 consedisset,
1435 2912 1482 2963 in
1507 2912 1765 2963 locoer,
