1929 3200
829 179 1112 222 -20-

208 310 254 338 τε
281 292 637 350 Λακεδαιμονίων
674 288 882 344 ἀποίκους
912 288 1044 343 ὄντας
1076 286 1364 348 κρατήσαντες
1398 293 1629 352 πολιορκίᾳ
1661 293 1732 336 καὶ

208 365 419 416 Ιστιαιέας
442 365 513 408 καὶ
541 364 816 413 Σκιωναίους
845 364 917 406 καὶ
948 364 1190 420 Τορωνίους
1213 364 1286 406 καὶ
1313 358 1545 421 Αἰγινήτας
1571 365 1643 407 καὶ
1659 360 1731 407 ἄλ-

207 440 310 488 λους
331 432 522 486 πολλοὺς
545 436 638 477 τῶν
655 430 886 490 Ἑλλήνων,
913 449 1021 488 quae
1036 435 1164 478 verba
1178 435 1427 478 sententiam
1440 435 1731 493 Xenophontis
1814 430 1818 437 ’

205 508 339 563 ipsius
377 506 491 550 haud
523 506 699 549 obscure
736 504 925 547 indicant
964 505 1034 560 (cf.
1064 509 1285 562 praeterea
1307 502 1371 555 II,
1399 510 1436 558 2,
1468 511 1547 559 10).
1582 506 1733 549 'Plura

205 580 346 621 omisit
372 593 398 621 a
422 578 597 633 singulis
611 576 935 619 Atheniensibus
964 590 1164 631 generose
1180 580 1223 619 et
1236 576 1401 620 fortiter
1415 581 1547 632 gesta.
1585 577 1730 632 Neque

204 649 403 692 Philoclis
444 663 471 691 a
510 646 727 703 Lysandro
769 646 884 701 capti
923 659 1059 701 aequo
1096 647 1258 698 animo,
1302 660 1384 702 quo
1426 648 1730 691 atrocissimam

203 724 379 763 mortem
410 718 540 761 subiit
566 721 609 759 et
635 716 816 772 superbo
843 716 991 759 victori
1019 716 1274 773 respondere
1297 716 1442 770 noluit,
1470 731 1605 772 neque
1636 731 1731 762 con-

205 791 398 841 stantiae,
429 802 553 843 quam
583 786 860 830 Athenienses
887 787 1174 831 crudelissima
1201 787 1312 831 fame
1343 788 1483 831 vexati
1510 789 1731 844 praestite-

203 866 323 912 runt,
362 874 415 903 ne
451 859 718 915 turpissimae
755 859 874 914 pacis
915 859 1172 902 conditiones
1202 859 1284 902 sibi
1310 860 1643 914 imponerentur,
1678 873 1731 903 ne

203 935 416 976 minimam
457 931 626 986 quidem
662 930 831 974 laudem
868 930 1026 974 tribuit.
1092 931 1273 974 Maxime
1301 945 1399 974 vero
1427 931 1731 987 reprehenden-

204 1005 302 1048 dum
332 1006 408 1055 est,
433 1001 550 1058 ‚quod
577 1005 733 1045 statum
760 1014 900 1044 rerum
929 1001 973 1044 in
1001 1001 1104 1045 urbe
1131 1002 1247 1057 ipsa,
1287 1016 1395 1057 quae
1410 1003 1542 1046 initio
1567 1002 1731 1046 fortiter

202 1076 400 1118 resistere
426 1074 669 1115 decreverat
682 1106 691 1124 ,
719 1072 1101 1126 conditionemque,
1136 1087 1220 1127 qua
1249 1073 1438 1129 singulae
1462 1074 1508 1116 id
1531 1073 1730 1128 temporis

202 1146 407 1189 factiones
444 1144 491 1187 in
526 1143 744 1199 republica
784 1143 939 1187 fuerint
983 1146 1025 1186 et
1063 1143 1269 1198 quomodo
1303 1143 1382 1187 viri
1412 1144 1634 1201 populares
1673 1143 1728 1188 ab

204 1216 431 1272 oligarchis
473 1216 518 1258 in
545 1214 754 1271 Lysandri
785 1215 958 1257 victoria
998 1214 1303 1259 exsultantibus
1345 1219 1388 1258 et
1422 1215 1533 1259 fame
1566 1216 1612 1258 in
1640 1215 1729 1258 dies

204 1289 339 1344 magis
368 1290 590 1343 grassante
626 1285 783 1329 adiutis
821 1286 973 1328 sensim
1012 1300 1034 1328 e
1067 1286 1204 1328 medio
1233 1287 1389 1331 sublati
1426 1287 1511 1330 sint
1528 1291 1573 1338 1),
1606 1285 1729 1329 modo

204 1360 340 1403 obiter
359 1357 617 1414 perstringit.
661 1356 721 1399 Ut
749 1356 863 1400 illam
886 1356 1137 1400 Patroclidis
1166 1358 1438 1413 rogationem,
1464 1372 1549 1413 qua
1572 1358 1729 1400 liberae

203 1430 461 1485 reipublicae
488 1427 666 1471 studiosi
694 1429 855 1472 animos
887 1428 1037 1471 civium
1057 1427 1303 1472 confirmare
1330 1428 1560 1480 voluerunt,
1591 1429 1652 1472 ita
1677 1428 1729 1471 de

204 1502 388 1557 quinque
402 1499 651 1554 ephororum
675 1499 948 1549 institutione,
974 1499 1046 1552 qui
1061 1503 1172 1542 XXX
1196 1500 1379 1542 virorum
1407 1499 1728 1542 dominationem

203 1578 406 1626 tanquam
442 1574 817 1627 praeparaverant,
855 1570 960 1613 nihil
998 1569 1135 1613 affert.
1210 1570 1290 1622 Qui
1328 1571 1539 1614 orationes
1566 1570 1727 1627 Lysiae,

203 1643 445 1693 Andocidis,
477 1642 665 1692 aliorum,
697 1643 768 1696 qui
802 1642 847 1684 in
874 1641 940 1685 his
956 1642 1081 1685 rebus
1110 1642 1265 1684 versati
1288 1646 1395 1694 sunt,
1424 1641 1585 1698 legerit,
1615 1656 1728 1699 eges-

202 1719 335 1758 tatem
364 1714 675 1768 siccitatemque
703 1712 1013 1756 Hellenicorum
1036 1712 1267 1756 mirabitur.

338 1785 442 1827 Inde
481 1798 508 1827 a
533 1784 595 1835 11,
627 1788 673 1834 2,
707 1788 759 1825 22
789 1797 922 1838 usque
949 1783 1005 1826 ad
1032 1784 1094 1834 II,
1123 1788 1171 1834 3,
1202 1787 1226 1824 3
1255 1797 1324 1826 res
1351 1784 1514 1835 variae,
1541 1784 1729 1840 long10re

202 1856 404 1910 temporis
435 1856 572 1911 spatio
599 1855 845 1905 disiunctae,
874 1854 1135 1910 negligenter
1161 1857 1375 1897 coartatae
1403 1857 1522 1905 sunt,
1556 1858 1605 1897 ut
1630 1868 1728 1909 quo-

203 1926 328 1969 modo
366 1926 452 1969 alia
484 1926 611 1969 aliam
647 1925 848 1980 excipiat,
892 1939 977 1969 non
1018 1924 1289 1981 intelligatur.
1347 1924 1634 1969 Sextodecimo
1662 1925 1730 1970 die

204 1996 496 2053 Munychionis
526 1996 695 2051 septimi
724 2000 767 2039 et
797 1996 982 2039 vicesimi
1008 1996 1109 2039 belli
1134 1995 1234 2038 anni
1262 1995 1547 2049 Athenienses,
1573 2000 1621 2040 ut
1635 1997 1728 2040 Plu-

204 2068 376 2111 tarchus
405 2069 564 2119 scribit,
593 2068 852 2112 conditiones
879 2083 906 2112 a
936 2067 1194 2110 Theramene
1232 2067 1396 2111 oblatas
1425 2069 1637 2124 accipiunt
1664 2084 1729 2113 ur—

203 2139 383 2193 bemque
426 2138 573 2181 victori
610 2137 779 2181 dedunt.
836 2138 925 2190 Quo
965 2137 1097 2189 facto,
1137 2142 1184 2179 ut
1223 2137 1354 2180 refert
1392 2138 1625 2194 Xenophon
1662 2140 1730 2195 (II,

205 2214 243 2260 2,
275 2214 367 2261 23),
396 2209 614 2264 Lysander
641 2210 685 2251 in
712 2208 932 2252 Piraeeum
956 2210 1099 2260 intrat,
1129 2209 1271 2252 exules
1299 2209 1498 2263 redeunt,
1538 2211 1646 2253 muri
1671 2210 1730 2253 di-

205 2281 435 2323 siiciuntur.
496 2279 580 2322 Sed
608 2279 664 2323 ad
688 2293 794 2334 opus
825 2280 1027 2323 eiusmodi
1059 2280 1359 2335 perficiendum
1384 2280 1549 2337 longius
1574 2284 1730 2337 tempo-

202 2352 262 2394 ris
287 2352 471 2405 spatium
497 2364 603 2406 opus
631 2350 761 2393 fuisse
790 2351 883 2405 quis
899 2359 993 2394 'non
1017 2350 1157 2395 videt?
1207 2351 1387 2395 Aliunde
1423 2355 1537 2395 certo
1568 2352 1731 2407 scimus,

203 2424 406 2478 temporis
425 2422 687 2476 aliquantum
702 2421 760 2464 ad
780 2435 920 2465 muros
945 2421 1171 2465 diruendos
1188 2421 1513 2467 Atheniensibus
1534 2438 1561 2467 a
1576 2423 1733 2480 Lysan-

203 2495 279 2537 dro
311 2494 455 2536 datum
487 2507 599 2543 esse,
631 2497 673 2536 et
703 2493 908 2547 quomodo
934 2493 1300 2546 Lacedaemonius,
1330 2498 1378 2537 ut
1405 2493 1552 2551 Lysias
1581 2500 1625 2539 et
1636 2496 1732 2540 Plu-

203 2565 374 2608 tarchus
391 2569 577 2616 narrant,
609 2565 662 2606 iis
690 2564 944 2619 exprobrare
966 2565 1116 2619 potuit,
1148 2565 1270 2620 quod,
1299 2566 1429 2609 muris
1457 2566 1570 2611 intra
1584 2569 1734 2611 consti-

205 2641 339 2679 tutum
371 2639 536 2691 tempus
574 2649 661 2678 non
702 2635 881 2686 eversis,
925 2634 1072 2678 foedus
1101 2636 1354 2680 laesissent?
1414 2636 1549 2688 Quum
1585 2642 1734 2695 postea

203 2706 479 2749 Athenienses
506 2706 570 2757 iis,
601 2706 674 2761 qui
704 2706 1002 2751 democratiam
1031 2707 1177 2751 tollere
1207 2707 1447 2760 studebant,
1477 2709 1732 2763 resisterent,

202 2777 430 2834 Lysander,
461 2778 543 2833 qui,
573 2777 750 2822 Athenis
777 2778 954 2831 deditis,
984 2778 1042 2822 ad
1069 2777 1237 2822 Samum
1266 2778 1539 2823 obsidendam
1568 2781 1734 2825 abierat

342 2931 368 2976 ¹)
397 2931 438 2967 cf.
464 2942 556 2977 quae
581 2940 660 2978 pag.
689 2938 728 2968 1⁹
753 2932 798 2970 de
822 2932 1045 2979 Cleophonte
1070 2933 1233 2971 diximus.
