<?xml version="1.0" encoding="UTF-8"?>
<!DOCTYPE html PUBLIC "-//W3C//DTD XHTML 1.0 Transitional//EN"
    "http://www.w3.org/TR/xhtml1/DTD/xhtml1-transitional.dtd">
<html xmlns="http://www.w3.org/1999/xhtml" xml:lang="en" lang="en">
 <head>
  <title>
</title>
<meta http-equiv="Content-Type" content="text/html;charset=utf-8" />
  <meta name='ocr-system' content='tesseract 3.04.00' />
  <meta name='ocr-capabilities' content='ocr_page ocr_carea ocr_par ocr_line ocrx_word'/>
</head>
<body>
  <div class='ocr_page' id='page_1' title='image "4626076_0038.png"; bbox 0 0 1929 3200; ppageno 0'>
   <div class='ocr_carea' id='block_1_1' title="bbox 790 153 1107 225">
    <p class='ocr_par' dir='ltr' id='par_1_1' title="bbox 790 153 1107 225">
     <span class='ocr_line' id='line_1_1' title="bbox 790 153 1107 225; baseline -0.003 -10"><span class='ocrx_word' id='word_1_1' title='bbox 790 153 1107 225; x_wconf 48' lang='lat' dir='ltr'><strong>-sso-s</strong></span> 
     </span>
    </p>
   </div>
   <div class='ocr_carea' id='block_1_2' title="bbox 139 292 1705 920">
    <p class='ocr_par' dir='ltr' id='par_1_2' title="bbox 139 292 1705 920">
     <span class='ocr_line' id='line_1_2' title="bbox 173 292 1705 350; baseline 0.001 -14"><span class='ocrx_word' id='word_1_2' title='bbox 173 295 381 349; x_wconf 84' lang='lat' dir='ltr'><strong>terpretes</strong></span> <span class='ocrx_word' id='word_1_3' title='bbox 418 305 504 334; x_wconf 91' lang='lat' dir='ltr'><strong>non</strong></span> <span class='ocrx_word' id='word_1_4' title='bbox 542 292 940 336; x_wconf 84' lang='lat' dir='ltr'><strong>animadverterunt.</strong></span> <span class='ocrx_word' id='word_1_5' title='bbox 998 292 1233 349; x_wconf 80' lang='lat' dir='ltr'><strong>Xenophon</strong></span> <span class='ocrx_word' id='word_1_6' title='bbox 1260 296 1482 350; x_wconf 81' lang='lat' dir='ltr'><strong>postquam</strong></span> <span class='ocrx_word' id='word_1_7' title='bbox 1512 294 1705 338; x_wconf 81' lang='lat' dir='ltr'><strong>civitates</strong></span> 
     </span>
     <span class='ocr_line' id='line_1_3' title="bbox 168 363 1702 421; baseline 0 -13"><span class='ocrx_word' id='word_1_8' title='bbox 168 364 295 408; x_wconf 86' lang='lat' dir='ltr'><strong>Asiae</strong></span> <span class='ocrx_word' id='word_1_9' title='bbox 318 364 515 421; x_wconf 83' lang='lat' dir='ltr'>Agesilao</span> <span class='ocrx_word' id='word_1_10' title='bbox 538 377 661 420; x_wconf 91' lang='lat' dir='ltr'><strong>opem</strong></span> <span class='ocrx_word' id='word_1_11' title='bbox 689 364 799 407; x_wconf 86' lang='lat' dir='ltr'><strong>ferre</strong></span> <span class='ocrx_word' id='word_1_12' title='bbox 828 363 1061 408; x_wconf 85' lang='lat' dir='ltr'><strong>decrevisse</strong></span> <span class='ocrx_word' id='word_1_13' title='bbox 1090 369 1133 407; x_wconf 83' lang='lat' dir='ltr'><strong>et</strong></span> <span class='ocrx_word' id='word_1_14' title='bbox 1150 364 1367 409; x_wconf 83' lang='lat' dir='ltr'><strong>Euxenum</strong></span> <span class='ocrx_word' id='word_1_15' title='bbox 1396 365 1588 409; x_wconf 81' lang='lat' dir='ltr'><strong>relictum</strong></span> <span class='ocrx_word' id='word_1_16' title='bbox 1609 378 1702 411; x_wconf 73' lang='lat' dir='ltr'><strong>esse</strong></span> 
     </span>
     <span class='ocr_line' id='line_1_4' title="bbox 169 433 1704 491; baseline 0.001 -13"><span class='ocrx_word' id='word_1_17' title='bbox 169 436 282 488; x_wconf 81' lang='lat' dir='ltr'><strong>dicit,</strong></span> <span class='ocrx_word' id='word_1_18' title='bbox 317 437 519 491; x_wconf 90' lang='lat' dir='ltr'><strong>plurimos</strong></span> <span class='ocrx_word' id='word_1_19' title='bbox 545 436 699 478; x_wconf 91' lang='lat' dir='ltr'><strong>milites</strong></span> <span class='ocrx_word' id='word_1_20' title='bbox 727 433 783 487; x_wconf 84' lang='grc' dir='ltr'><strong>(οἱ</strong></span> <span class='ocrx_word' id='word_1_21' title='bbox 808 436 964 477; x_wconf 80' lang='grc' dir='ltr'><em>πολλοὶ</em></span> <span class='ocrx_word' id='word_1_22' title='bbox 991 438 1084 478; x_wconf 76' lang='grc' dir='ltr'><em>τῶν</em></span> <span class='ocrx_word' id='word_1_23' title='bbox 1114 438 1413 489; x_wconf 79' lang='grc' dir='ltr'><em>στρατιωτῶν)</em></span> <span class='ocrx_word' id='word_1_24' title='bbox 1439 438 1484 480; x_wconf 88' lang='lat' dir='ltr'><strong>in</strong></span> <span class='ocrx_word' id='word_1_25' title='bbox 1512 437 1615 479; x_wconf 83' lang='lat' dir='ltr'><strong>Asia</strong></span> <span class='ocrx_word' id='word_1_26' title='bbox 1640 450 1704 480; x_wconf 79' lang='lat' dir='ltr'><strong>re-</strong></span> 
     </span>
     <span class='ocr_line' id='line_1_5' title="bbox 170 506 1702 563; baseline 0.001 -14"><span class='ocrx_word' id='word_1_27' title='bbox 170 521 340 551; x_wconf 89' lang='lat' dir='ltr'><strong>manere</strong></span> <span class='ocrx_word' id='word_1_28' title='bbox 367 507 567 551; x_wconf 89' lang='lat' dir='ltr'><strong>maluisse</strong></span> <span class='ocrx_word' id='word_1_29' title='bbox 598 507 745 551; x_wconf 82' lang='lat' dir='ltr'><strong>scribit</strong></span> <span class='ocrx_word' id='word_1_30' title='bbox 773 506 860 561; x_wconf 90' lang='lat' dir='ltr'><strong>(IV,</strong></span> <span class='ocrx_word' id='word_1_31' title='bbox 892 511 941 559; x_wconf 90' lang='lat'><strong>3,</strong></span> <span class='ocrx_word' id='word_1_32' title='bbox 972 511 1028 560; x_wconf 83' lang='lat'><strong>5).</strong></span> <span class='ocrx_word' id='word_1_33' title='bbox 1087 506 1169 559; x_wconf 87' lang='lat' dir='ltr'><strong>Qui</strong></span> <span class='ocrx_word' id='word_1_34' title='bbox 1197 508 1379 553; x_wconf 75' lang='lat' dir='ltr'><strong>milites?</strong></span> <span class='ocrx_word' id='word_1_35' title='bbox 1418 508 1484 551; x_wconf 85' lang='lat' dir='ltr'><strong>An</strong></span> <span class='ocrx_word' id='word_1_36' title='bbox 1511 509 1560 561; x_wconf 89' lang='lat' dir='ltr'><strong>ii,</strong></span> <span class='ocrx_word' id='word_1_37' title='bbox 1597 520 1702 563; x_wconf 88' lang='lat' dir='ltr'><strong>quos</strong></span> 
     </span>
     <span class='ocr_line' id='line_1_6' title="bbox 139 579 1699 639; baseline 0 -17"><span class='ocrx_word' id='word_1_38' title='bbox 139 637 141 639; x_wconf 73' lang='lat'>.</span> <span class='ocrx_word' id='word_1_39' title='bbox 166 580 385 636; x_wconf 81' lang='lat' dir='ltr'><strong>Agesilaus</strong></span> <span class='ocrx_word' id='word_1_40' title='bbox 412 594 463 622; x_wconf 87' lang='lat' dir='ltr'><strong>ex</strong></span> <span class='ocrx_word' id='word_1_41' title='bbox 492 579 633 635; x_wconf 87' lang='lat' dir='ltr'><strong>patria</strong></span> <span class='ocrx_word' id='word_1_42' title='bbox 662 592 802 621; x_wconf 90' lang='lat' dir='ltr'><strong>secum</strong></span> <span class='ocrx_word' id='word_1_43' title='bbox 832 579 1010 621; x_wconf 85' lang='lat' dir='ltr'><strong>duxerat</strong></span> <span class='ocrx_word' id='word_1_44' title='bbox 1039 579 1345 636; x_wconf 81' lang='grc' dir='ltr'><em>(νεοδαμωδεῑς</em></span> <span class='ocrx_word' id='word_1_45' title='bbox 1373 580 1445 622; x_wconf 85' lang='grc' dir='ltr'><strong>καὶ</strong></span> <span class='ocrx_word' id='word_1_46' title='bbox 1480 582 1699 623; x_wconf 72' lang='grc' dir='ltr'><em>Πελοπον-</em></span> 
     </span>
     <span class='ocr_line' id='line_1_7' title="bbox 164 649 1700 708; baseline -0.001 -15"><span class='ocrx_word' id='word_1_47' title='bbox 164 650 339 708; x_wconf 83' lang='grc' dir='ltr'><em>νησίους</em></span> <span class='ocrx_word' id='word_1_48' title='bbox 370 649 443 701; x_wconf 86' lang='grc' dir='ltr'><strong>ΠΙ,</strong></span> <span class='ocrx_word' id='word_1_49' title='bbox 475 655 513 702; x_wconf 86' lang='grc'><strong>4,</strong></span> <span class='ocrx_word' id='word_1_50' title='bbox 546 653 617 703; x_wconf 80' lang='lat'><strong>2)?</strong></span> <span class='ocrx_word' id='word_1_51' title='bbox 647 675 699 680; x_wconf 91' lang='lat'><em>-</em></span> <span class='ocrx_word' id='word_1_52' title='bbox 726 649 852 692; x_wconf 90' lang='lat' dir='ltr'><strong>Falso</strong></span> <span class='ocrx_word' id='word_1_53' title='bbox 874 649 1074 692; x_wconf 87' lang='lat' dir='ltr'><strong>iudicavit</strong></span> <span class='ocrx_word' id='word_1_54' title='bbox 1104 649 1394 701; x_wconf 89' lang='lat' dir='ltr'><strong>Schneiderus,</strong></span> <span class='ocrx_word' id='word_1_55' title='bbox 1424 650 1576 693; x_wconf 80' lang='lat' dir='ltr'><strong>milites</strong></span> <span class='ocrx_word' id='word_1_56' title='bbox 1600 649 1700 693; x_wconf 92' lang='lat' dir='ltr'><strong>mol-</strong></span> 
     </span>
     <span class='ocr_line' id='line_1_8' title="bbox 165 720 1699 778; baseline 0 -13"><span class='ocrx_word' id='word_1_57' title='bbox 165 722 257 778; x_wconf 78' lang='lat' dir='ltr'><strong>litie</strong></span> <span class='ocrx_word' id='word_1_58' title='bbox 285 723 443 765; x_wconf 90' lang='lat' dir='ltr'><strong>Asiana</strong></span> <span class='ocrx_word' id='word_1_59' title='bbox 473 721 725 776; x_wconf 85' lang='lat' dir='ltr'><strong>depravatos</strong></span> <span class='ocrx_word' id='word_1_60' title='bbox 755 720 911 763; x_wconf 87' lang='lat' dir='ltr'><strong>bellum</strong></span> <span class='ocrx_word' id='word_1_61' title='bbox 941 721 986 763; x_wconf 93' lang='lat' dir='ltr'><strong>in</strong></span> <span class='ocrx_word' id='word_1_62' title='bbox 1008 722 1110 764; x_wconf 90' lang='lat' dir='ltr'><strong>Asia</strong></span> <span class='ocrx_word' id='word_1_63' title='bbox 1137 723 1381 765; x_wconf 87' lang='lat' dir='ltr'><strong>continuare</strong></span> <span class='ocrx_word' id='word_1_64' title='bbox 1402 736 1528 777; x_wconf 87' lang='lat' dir='ltr'><strong>quam</strong></span> <span class='ocrx_word' id='word_1_65' title='bbox 1553 725 1699 775; x_wconf 84' lang='lat' dir='ltr'><strong>contra</strong></span> 
     </span>
     <span class='ocr_line' id='line_1_9' title="bbox 168 791 1699 847; baseline 0 -12"><span class='ocrx_word' id='word_1_66' title='bbox 168 792 352 835; x_wconf 88' lang='lat' dir='ltr'><strong>Graecos</strong></span> <span class='ocrx_word' id='word_1_67' title='bbox 380 793 423 835; x_wconf 93' lang='lat' dir='ltr'><strong>in</strong></span> <span class='ocrx_word' id='word_1_68' title='bbox 451 792 594 847; x_wconf 87' lang='lat' dir='ltr'><strong>patria</strong></span> <span class='ocrx_word' id='word_1_69' title='bbox 617 791 908 847; x_wconf 87' lang='lat' dir='ltr'><strong>redintegrare</strong></span> <span class='ocrx_word' id='word_1_70' title='bbox 933 792 1132 835; x_wconf 86' lang='lat' dir='ltr'><strong>maluisse</strong></span> <span class='ocrx_word' id='word_1_71' title='bbox 1149 796 1369 840; x_wconf 79' lang='lat' dir='ltr'><strong>annotans.</strong></span> <span class='ocrx_word' id='word_1_72' title='bbox 1426 792 1543 835; x_wconf 87' lang='lat' dir='ltr'><strong>Haec</strong></span> <span class='ocrx_word' id='word_1_73' title='bbox 1571 792 1699 835; x_wconf 83' lang='lat' dir='ltr'><strong>verba</strong></span> 
     </span>
     <span class='ocr_line' id='line_1_10' title="bbox 169 857 1697 920; baseline -0.001 -13"><span class='ocrx_word' id='word_1_74' title='bbox 169 869 425 920; x_wconf 84' lang='lat' dir='ltr'><strong>sequuntur:</strong></span> <span class='ocrx_word' id='word_1_75' title='bbox 457 859 590 914; x_wconf 74' lang='grc' dir='ltr'><em>αὐτὸς</em></span> <span class='ocrx_word' id='word_1_76' title='bbox 618 861 665 905; x_wconf 77' lang='grc' dir='ltr'><strong>δὲ</strong></span> <span class='ocrx_word' id='word_1_77' title='bbox 694 857 817 918; x_wconf 79' lang='grc' dir='ltr'><em>ὁρῶν</em></span> <span class='ocrx_word' id='word_1_78' title='bbox 848 857 918 905; x_wconf 79' lang='grc' dir='ltr'><em>ὅτι</em></span> <span class='ocrx_word' id='word_1_79' title='bbox 947 860 988 905; x_wconf 80' lang='grc' dir='ltr'><strong>οἱ</strong></span> <span class='ocrx_word' id='word_1_80' title='bbox 1017 864 1172 906; x_wconf 78' lang='grc' dir='ltr'><em>πολλοὶ</em></span> <span class='ocrx_word' id='word_1_81' title='bbox 1199 866 1292 907; x_wconf 77' lang='grc' dir='ltr'><em>τῶν</em></span> <span class='ocrx_word' id='word_1_82' title='bbox 1318 865 1602 920; x_wconf 80' lang='grc' dir='ltr'><em>στρατιωτῶν</em></span> <span class='ocrx_word' id='word_1_83' title='bbox 1627 863 1697 919; x_wconf 85' lang='grc' dir='ltr'><strong>μέ-</strong></span> 
     </span>
    </p>
   </div>
   <div class='ocr_carea' id='block_1_3' title="bbox 162 929 1698 991">
    <p class='ocr_par' dir='ltr' id='par_1_3' title="bbox 162 929 1698 991">
     <span class='ocr_line' id='line_1_11' title="bbox 162 929 1698 991; baseline -0.001 -11"><span class='ocrx_word' id='word_1_84' title='bbox 162 952 256 980; x_wconf 80' lang='grc' dir='ltr'><em>νειν</em></span> <span class='ocrx_word' id='word_1_85' title='bbox 294 929 544 991; x_wconf 70' lang='grc' dir='ltr'><strong><em>ἐπεθύμουν</em></strong></span> <span class='ocrx_word' id='word_1_86' title='bbox 581 961 633 966; x_wconf 86' lang='lat'>—</span> <span class='ocrx_word' id='word_1_87' title='bbox 681 929 949 990; x_wconf 77' lang='grc' dir='ltr'><em>βουλόμενος</em></span> <span class='ocrx_word' id='word_1_88' title='bbox 986 929 1048 986; x_wconf 77' lang='grc' dir='ltr'><strong>ὥς</strong></span> <span class='ocrx_word' id='word_1_89' title='bbox 1089 935 1335 987; x_wconf 81' lang='grc' dir='ltr'><em>βελτίστους</em></span> <span class='ocrx_word' id='word_1_90' title='bbox 1371 935 1442 978; x_wconf 85' lang='grc' dir='ltr'><strong>καὶ</strong></span> <span class='ocrx_word' id='word_1_91' title='bbox 1471 935 1698 988; x_wconf 77' lang='grc' dir='ltr'><em>πλείστους</em></span> 
     </span>
    </p>
   </div>
   <div class='ocr_carea' id='block_1_4' title="bbox 157 998 1697 1206">
    <p class='ocr_par' dir='ltr' id='par_1_4' title="bbox 157 998 1697 1206">
     <span class='ocr_line' id='line_1_12' title="bbox 157 998 1697 1066; baseline -0.001 -14"><span class='ocrx_word' id='word_1_92' title='bbox 157 1006 280 1066; x_wconf 79' lang='grc' dir='ltr'><em>ἄγειν</em></span> <span class='ocrx_word' id='word_1_93' title='bbox 310 1012 395 1064; x_wconf 82' lang='grc' dir='ltr'><strong>μεθ</strong></span> <span class='ocrx_word' id='word_1_94' title='bbox 423 1005 579 1050; x_wconf 77' lang='grc' dir='ltr'><em>ἑαυτοῦ</em></span> <span class='ocrx_word' id='word_1_95' title='bbox 592 1039 601 1056; x_wconf 95' lang='grc'>,</span> <span class='ocrx_word' id='word_1_96' title='bbox 630 998 747 1048; x_wconf 78' lang='grc' dir='ltr'><em>ἆθλα</em></span> <span class='ocrx_word' id='word_1_97' title='bbox 771 1002 997 1062; x_wconf 72' lang='grc' dir='ltr'><em>προῦθηκε</em></span> <span class='ocrx_word' id='word_1_98' title='bbox 1027 1014 1121 1057; x_wconf 78' lang='grc' dir='ltr'><em>ταῖς</em></span> <span class='ocrx_word' id='word_1_99' title='bbox 1147 1003 1345 1058; x_wconf 78' lang='grc' dir='ltr'><em>πόλεσιν,</em></span> <span class='ocrx_word' id='word_1_100' title='bbox 1379 1002 1473 1063; x_wconf 79' lang='grc' dir='ltr'><em>ἥτις</em></span> <span class='ocrx_word' id='word_1_101' title='bbox 1518 1003 1697 1064; x_wconf 77' lang='grc' dir='ltr'><em>ἄριστον</em></span> 
     </span>
     <span class='ocr_line' id='line_1_13' title="bbox 163 1075 1695 1137; baseline -0.001 -13"><span class='ocrx_word' id='word_1_102' title='bbox 163 1075 405 1137; x_wconf 83' lang='grc' dir='ltr'><em>στράτευμα</em></span> <span class='ocrx_word' id='word_1_103' title='bbox 431 1079 595 1135; x_wconf 80' lang='grc' dir='ltr'><em>πέμποι</em></span> <span class='ocrx_word' id='word_1_104' title='bbox 623 1080 714 1121; x_wconf 81' lang='grc' dir='ltr'><em>κτλ.</em></span> <span class='ocrx_word' id='word_1_105' title='bbox 774 1078 923 1132; x_wconf 86' lang='lat' dir='ltr'><strong>Itaque</strong></span> <span class='ocrx_word' id='word_1_106' title='bbox 960 1081 1107 1121; x_wconf 86' lang='lat' dir='ltr'><strong>auctor</strong></span> <span class='ocrx_word' id='word_1_107' title='bbox 1136 1078 1188 1122; x_wconf 91' lang='lat' dir='ltr'><strong>de</strong></span> <span class='ocrx_word' id='word_1_108' title='bbox 1217 1079 1418 1123; x_wconf 89' lang='lat' dir='ltr'><strong>militibus</strong></span> <span class='ocrx_word' id='word_1_109' title='bbox 1446 1079 1611 1122; x_wconf 87' lang='lat' dir='ltr'><strong>illarum</strong></span> <span class='ocrx_word' id='word_1_110' title='bbox 1639 1079 1695 1123; x_wconf 48' lang='lat' dir='ltr'><strong>civ</strong></span> 
     </span>
     <span class='ocr_line' id='line_1_14' title="bbox 162 1148 1694 1206; baseline -0.001 -11"><span class='ocrx_word' id='word_1_111' title='bbox 162 1153 339 1195; x_wconf 81' lang='lat' dir='ltr'><strong>vitatum</strong></span> <span class='ocrx_word' id='word_1_112' title='bbox 376 1151 515 1192; x_wconf 81' lang='lat' dir='ltr'><strong>dicere</strong></span> <span class='ocrx_word' id='word_1_113' title='bbox 552 1149 737 1199; x_wconf 85' lang='lat' dir='ltr'><strong>videtur,</strong></span> <span class='ocrx_word' id='word_1_114' title='bbox 781 1148 893 1202; x_wconf 85' lang='lat' dir='ltr'><strong>quod</strong></span> <span class='ocrx_word' id='word_1_115' title='bbox 933 1162 1058 1202; x_wconf 89' lang='lat' dir='ltr'><strong>quam</strong></span> <span class='ocrx_word' id='word_1_116' title='bbox 1104 1162 1188 1191; x_wconf 91' lang='lat' dir='ltr'><strong>non</strong></span> <span class='ocrx_word' id='word_1_117' title='bbox 1236 1149 1416 1192; x_wconf 85' lang='lat' dir='ltr'><strong>dilucide</strong></span> <span class='ocrx_word' id='word_1_118' title='bbox 1454 1164 1694 1206; x_wconf 88' lang='lat' dir='ltr'><strong>expressum</strong></span> 
     </span>
    </p>
   </div>
   <div class='ocr_carea' id='block_1_5' title="bbox 160 1220 602 1277">
    <p class='ocr_par' dir='ltr' id='par_1_5' title="bbox 160 1220 602 1277">
     <span class='ocr_line' id='line_1_15' title="bbox 160 1220 602 1277; baseline -0.014 -9"><span class='ocrx_word' id='word_1_119' title='bbox 160 1225 217 1268; x_wconf 88' lang='lat' dir='ltr'><strong>sit</strong></span> <span class='ocrx_word' id='word_1_120' title='bbox 250 1223 457 1266; x_wconf 89' lang='lat' dir='ltr'><strong>neminem</strong></span> <span class='ocrx_word' id='word_1_121' title='bbox 483 1220 602 1277; x_wconf 87' lang='lat' dir='ltr'><strong>fugit.</strong></span> 
     </span>
    </p>
   </div>
   <div class='ocr_carea' id='block_1_6' title="bbox 299 1328 1773 1380">
    <p class='ocr_par' dir='ltr' id='par_1_6' title="bbox 299 1328 1773 1380">
     <span class='ocr_line' id='line_1_16' title="bbox 299 1328 1773 1380; baseline -0.001 0"><span class='ocrx_word' id='word_1_122' title='bbox 299 1337 509 1380; x_wconf 85' lang='lat' dir='ltr'><strong>Proelium</strong></span> <span class='ocrx_word' id='word_1_123' title='bbox 551 1334 608 1378; x_wconf 89' lang='lat' dir='ltr'><strong>ad</strong></span> <span class='ocrx_word' id='word_1_124' title='bbox 640 1333 839 1377; x_wconf 87' lang='lat' dir='ltr'><strong>Nemeam</strong></span> <span class='ocrx_word' id='word_1_125' title='bbox 878 1332 1048 1376; x_wconf 86' lang='lat' dir='ltr'><strong>fiuvium</strong></span> <span class='ocrx_word' id='word_1_126' title='bbox 1086 1334 1349 1377; x_wconf 89' lang='lat' dir='ltr'><strong>commissum</strong></span> <span class='ocrx_word' id='word_1_127' title='bbox 1386 1334 1486 1377; x_wconf 90' lang='lat' dir='ltr'><strong>inde</strong></span> <span class='ocrx_word' id='word_1_128' title='bbox 1521 1348 1548 1377; x_wconf 94' lang='lat' dir='ltr'><strong>a</strong></span> <span class='ocrx_word' id='word_1_129' title='bbox 1582 1328 1695 1378; x_wconf 85' lang='lat' dir='ltr'><strong>nona</strong></span> <span class='ocrx_word' id='word_1_130' title='bbox 1770 1332 1773 1335; x_wconf 67' lang='grc'>’</span> 
     </span>
    </p>
   </div>
   <div class='ocr_carea' id='block_1_7' title="bbox 157 1401 1693 1537">
    <p class='ocr_par' dir='ltr' id='par_1_7' title="bbox 157 1401 1693 1537">
     <span class='ocr_line' id='line_1_17' title="bbox 159 1401 1693 1464; baseline -0.003 -11"><span class='ocrx_word' id='word_1_131' title='bbox 159 1410 346 1453; x_wconf 88' lang='lat' dir='ltr'><strong>sectione</strong></span> <span class='ocrx_word' id='word_1_132' title='bbox 378 1413 485 1464; x_wconf 86' lang='lat' dir='ltr'><strong>(cap.</strong></span> <span class='ocrx_word' id='word_1_133' title='bbox 517 1411 553 1457; x_wconf 84' lang='lat'><strong>2,</strong></span> <span class='ocrx_word' id='word_1_134' title='bbox 583 1401 677 1448; x_wconf 89' lang='lat' dir='ltr'><strong>libr.</strong></span> <span class='ocrx_word' id='word_1_135' title='bbox 695 1404 766 1453; x_wconf 79' lang='lat' dir='ltr'><strong>IV)</strong></span> <span class='ocrx_word' id='word_1_136' title='bbox 792 1405 972 1459; x_wconf 86' lang='lat' dir='ltr'><strong>exponit,</strong></span> <span class='ocrx_word' id='word_1_137' title='bbox 998 1405 1042 1446; x_wconf 92' lang='lat' dir='ltr'><strong>in</strong></span> <span class='ocrx_word' id='word_1_138' title='bbox 1066 1418 1148 1458; x_wconf 91' lang='lat' dir='ltr'><strong>quo</strong></span> <span class='ocrx_word' id='word_1_139' title='bbox 1178 1404 1223 1446; x_wconf 90' lang='lat' dir='ltr'><strong>id</strong></span> <span class='ocrx_word' id='word_1_140' title='bbox 1251 1405 1482 1448; x_wconf 89' lang='lat' dir='ltr'><strong>notandum</strong></span> <span class='ocrx_word' id='word_1_141' title='bbox 1509 1410 1584 1457; x_wconf 90' lang='lat' dir='ltr'><strong>est,</strong></span> <span class='ocrx_word' id='word_1_142' title='bbox 1613 1405 1693 1448; x_wconf 84' lang='lat' dir='ltr'><strong>Xe-</strong></span> 
     </span>
     <span class='ocr_line' id='line_1_18' title="bbox 157 1475 1692 1537; baseline -0.004 -12"><span class='ocrx_word' id='word_1_143' title='bbox 157 1480 413 1537; x_wconf 87' lang='lat' dir='ltr'><strong>nophontem</strong></span> <span class='ocrx_word' id='word_1_144' title='bbox 442 1479 487 1520; x_wconf 89' lang='lat' dir='ltr'><strong>in</strong></span> <span class='ocrx_word' id='word_1_145' title='bbox 514 1490 687 1519; x_wconf 90' lang='lat' dir='ltr'><strong>numero</strong></span> <span class='ocrx_word' id='word_1_146' title='bbox 716 1476 915 1526; x_wconf 86' lang='lat' dir='ltr'><strong>militum,</strong></span> <span class='ocrx_word' id='word_1_147' title='bbox 950 1476 1021 1530; x_wconf 92' lang='lat' dir='ltr'><strong>qui</strong></span> <span class='ocrx_word' id='word_1_148' title='bbox 1046 1475 1254 1529; x_wconf 87' lang='lat' dir='ltr'><strong>utrimque</strong></span> <span class='ocrx_word' id='word_1_149' title='bbox 1292 1477 1337 1517; x_wconf 93' lang='lat' dir='ltr'><strong>in</strong></span> <span class='ocrx_word' id='word_1_150' title='bbox 1364 1477 1496 1519; x_wconf 87' lang='lat' dir='ltr'><strong>aciem</strong></span> <span class='ocrx_word' id='word_1_151' title='bbox 1524 1476 1692 1519; x_wconf 87' lang='lat' dir='ltr'><strong>descen-</strong></span> 
     </span>
    </p>
   </div>
   <div class='ocr_carea' id='block_1_8' title="bbox 77 1545 1690 1602">
    <p class='ocr_par' dir='ltr' id='par_1_8' title="bbox 77 1545 1690 1602">
     <span class='ocr_line' id='line_1_19' title="bbox 77 1545 1690 1602; baseline -0.004 -5"><span class='ocrx_word' id='word_1_152' title='bbox 77 1578 79 1580; x_wconf 37' lang='lat'>*</span> <span class='ocrx_word' id='word_1_153' title='bbox 158 1553 322 1602; x_wconf 88' lang='lat' dir='ltr'><strong>derunt,</strong></span> <span class='ocrx_word' id='word_1_154' title='bbox 353 1565 380 1593; x_wconf 90' lang='lat' dir='ltr'><strong>a</strong></span> <span class='ocrx_word' id='word_1_155' title='bbox 406 1549 592 1592; x_wconf 89' lang='lat' dir='ltr'><strong>Diodoro</strong></span> <span class='ocrx_word' id='word_1_156' title='bbox 612 1561 737 1602; x_wconf 89' lang='lat' dir='ltr'><strong>quam</strong></span> <span class='ocrx_word' id='word_1_157' title='bbox 769 1546 949 1589; x_wconf 85' lang='lat' dir='ltr'><strong>maxime</strong></span> <span class='ocrx_word' id='word_1_158' title='bbox 979 1545 1211 1597; x_wconf 86' lang='lat' dir='ltr'><strong>dissentire,</strong></span> <span class='ocrx_word' id='word_1_159' title='bbox 1241 1550 1289 1587; x_wconf 93' lang='lat' dir='ltr'><strong>ut</strong></span> <span class='ocrx_word' id='word_1_160' title='bbox 1316 1547 1476 1600; x_wconf 88' lang='lat' dir='ltr'><strong>aliquid</strong></span> <span class='ocrx_word' id='word_1_161' title='bbox 1504 1548 1608 1590; x_wconf 88' lang='lat' dir='ltr'><strong>certi</strong></span> <span class='ocrx_word' id='word_1_162' title='bbox 1637 1547 1690 1590; x_wconf 87' lang='lat' dir='ltr'><strong>de</strong></span> 
     </span>
    </p>
   </div>
   <div class='ocr_carea' id='block_1_9' title="bbox 155 1615 1689 2249">
    <p class='ocr_par' dir='ltr' id='par_1_9' title="bbox 155 1615 1689 2249">
     <span class='ocr_line' id='line_1_20' title="bbox 155 1615 1688 1673; baseline -0.005 -5"><span class='ocrx_word' id='word_1_163' title='bbox 155 1624 238 1668; x_wconf 85' lang='lat' dir='ltr'><strong>hac</strong></span> <span class='ocrx_word' id='word_1_164' title='bbox 265 1637 313 1666; x_wconf 89' lang='lat' dir='ltr'><strong>re</strong></span> <span class='ocrx_word' id='word_1_165' title='bbox 336 1620 590 1665; x_wconf 85' lang='lat' dir='ltr'><strong>constituere</strong></span> <span class='ocrx_word' id='word_1_166' title='bbox 622 1617 911 1661; x_wconf 88' lang='lat' dir='ltr'><strong>difficillimum</strong></span> <span class='ocrx_word' id='word_1_167' title='bbox 941 1616 997 1658; x_wconf 89' lang='lat' dir='ltr'><strong>sit</strong></span> <span class='ocrx_word' id='word_1_168' title='bbox 1024 1615 1093 1670; x_wconf 85' lang='lat' dir='ltr'><strong>(cf.</strong></span> <span class='ocrx_word' id='word_1_169' title='bbox 1110 1615 1273 1659; x_wconf 87' lang='lat' dir='ltr'><strong>Sievers</strong></span> <span class='ocrx_word' id='word_1_170' title='bbox 1300 1616 1326 1659; x_wconf 93' lang='lat' dir='ltr'><strong>l.</strong></span> <span class='ocrx_word' id='word_1_171' title='bbox 1345 1630 1377 1659; x_wconf 87' lang='lat' dir='ltr'><strong>c.</strong></span> <span class='ocrx_word' id='word_1_172' title='bbox 1404 1632 1445 1673; x_wconf 88' lang='lat' dir='ltr'><strong>p.</strong></span> <span class='ocrx_word' id='word_1_173' title='bbox 1472 1622 1555 1669; x_wconf 87' lang='grc'><strong>68).</strong></span> <span class='ocrx_word' id='word_1_174' title='bbox 1606 1618 1688 1661; x_wconf 89' lang='lat' dir='ltr'><strong>Ne-</strong></span> 
     </span>
     <span class='ocr_line' id='line_1_21' title="bbox 157 1688 1688 1752; baseline -0.005 -13"><span class='ocrx_word' id='word_1_175' title='bbox 157 1710 239 1752; x_wconf 90' lang='lat' dir='ltr'><strong>que</strong></span> <span class='ocrx_word' id='word_1_176' title='bbox 266 1696 402 1737; x_wconf 88' lang='lat' dir='ltr'><strong>minus</strong></span> <span class='ocrx_word' id='word_1_177' title='bbox 439 1695 670 1735; x_wconf 88' lang='lat' dir='ltr'><strong>memoratu</strong></span> <span class='ocrx_word' id='word_1_178' title='bbox 700 1689 873 1744; x_wconf 89' lang='lat' dir='ltr'><strong>dignum</strong></span> <span class='ocrx_word' id='word_1_179' title='bbox 902 1693 985 1739; x_wconf 84' lang='lat' dir='ltr'><strong>est,</strong></span> <span class='ocrx_word' id='word_1_180' title='bbox 1027 1688 1139 1742; x_wconf 91' lang='lat' dir='ltr'><strong>quod</strong></span> <span class='ocrx_word' id='word_1_181' title='bbox 1181 1689 1314 1731; x_wconf 90' lang='lat' dir='ltr'><strong>socios</strong></span> <span class='ocrx_word' id='word_1_182' title='bbox 1350 1703 1484 1743; x_wconf 89' lang='lat' dir='ltr'><strong>paene</strong></span> <span class='ocrx_word' id='word_1_183' title='bbox 1516 1689 1688 1732; x_wconf 92' lang='lat' dir='ltr'><strong>dimidio</strong></span> 
     </span>
     <span class='ocr_line' id='line_1_22' title="bbox 155 1758 1689 1823; baseline -0.006 -13"><span class='ocrx_word' id='word_1_184' title='bbox 155 1767 252 1823; x_wconf 88' lang='lat' dir='ltr'><strong>plus</strong></span> <span class='ocrx_word' id='word_1_185' title='bbox 282 1765 462 1807; x_wconf 92' lang='lat' dir='ltr'><strong>militum</strong></span> <span class='ocrx_word' id='word_1_186' title='bbox 489 1761 689 1805; x_wconf 88' lang='lat' dir='ltr'><strong>habuisse</strong></span> <span class='ocrx_word' id='word_1_187' title='bbox 715 1758 952 1814; x_wconf 91' lang='lat' dir='ltr'><strong>Xenophon</strong></span> <span class='ocrx_word' id='word_1_188' title='bbox 978 1762 1124 1800; x_wconf 88' lang='lat' dir='ltr'><strong>narrat</strong></span> <span class='ocrx_word' id='word_1_189' title='bbox 1144 1772 1220 1801; x_wconf 91' lang='lat' dir='ltr'><strong>nec</strong></span> <span class='ocrx_word' id='word_1_190' title='bbox 1251 1758 1373 1811; x_wconf 91' lang='lat' dir='ltr'><strong>dicit,</strong></span> <span class='ocrx_word' id='word_1_191' title='bbox 1408 1773 1537 1814; x_wconf 86' lang='lat' dir='ltr'><strong>penes</strong></span> <span class='ocrx_word' id='word_1_192' title='bbox 1565 1773 1689 1814; x_wconf 92' lang='lat' dir='ltr'><strong>quem</strong></span> 
     </span>
     <span class='ocr_line' id='line_1_23' title="bbox 158 1829 1686 1886; baseline -0.006 -4"><span class='ocrx_word' id='word_1_193' title='bbox 158 1851 363 1883; x_wconf 89' lang='lat' dir='ltr'><strong>summum</strong></span> <span class='ocrx_word' id='word_1_194' title='bbox 397 1835 602 1878; x_wconf 88' lang='lat' dir='ltr'><strong>sociorum</strong></span> <span class='ocrx_word' id='word_1_195' title='bbox 622 1832 846 1886; x_wconf 91' lang='lat' dir='ltr'><strong>imperium</strong></span> <span class='ocrx_word' id='word_1_196' title='bbox 873 1830 947 1872; x_wconf 90' lang='lat' dir='ltr'><strong>illa</strong></span> <span class='ocrx_word' id='word_1_197' title='bbox 966 1830 1034 1871; x_wconf 91' lang='lat' dir='ltr'><strong>die</strong></span> <span class='ocrx_word' id='word_1_198' title='bbox 1062 1829 1198 1873; x_wconf 88' lang='lat' dir='ltr'><strong>fuerit.</strong></span> <span class='ocrx_word' id='word_1_199' title='bbox 1257 1829 1392 1880; x_wconf 85' lang='lat' dir='ltr'><strong>Quum</strong></span> <span class='ocrx_word' id='word_1_200' title='bbox 1420 1829 1530 1873; x_wconf 86' lang='lat' dir='ltr'><strong>hanc</strong></span> <span class='ocrx_word' id='word_1_201' title='bbox 1557 1830 1686 1886; x_wconf 89' lang='lat' dir='ltr'><strong>negli-</strong></span> 
     </span>
     <span class='ocr_line' id='line_1_24' title="bbox 157 1900 1684 1966; baseline -0.005 -14"><span class='ocrx_word' id='word_1_202' title='bbox 157 1908 343 1966; x_wconf 82' lang='lat' dir='ltr'><strong>gentiam</strong></span> <span class='ocrx_word' id='word_1_203' title='bbox 368 1906 408 1949; x_wconf 89' lang='lat' dir='ltr'><strong>ei</strong></span> <span class='ocrx_word' id='word_1_204' title='bbox 444 1904 631 1948; x_wconf 88' lang='lat' dir='ltr'><strong>tribuere</strong></span> <span class='ocrx_word' id='word_1_205' title='bbox 658 1902 727 1944; x_wconf 83' lang='lat' dir='ltr'><strong>vix</strong></span> <span class='ocrx_word' id='word_1_206' title='bbox 755 1901 901 1951; x_wconf 89' lang='lat' dir='ltr'><strong>liceat,</strong></span> <span class='ocrx_word' id='word_1_207' title='bbox 941 1901 1073 1943; x_wconf 89' lang='lat' dir='ltr'><strong>multa</strong></span> <span class='ocrx_word' id='word_1_208' title='bbox 1103 1913 1153 1942; x_wconf 87' lang='lat' dir='ltr'><strong>ex</strong></span> <span class='ocrx_word' id='word_1_209' title='bbox 1180 1900 1371 1956; x_wconf 88' lang='lat' dir='ltr'><strong>catalogo</strong></span> <span class='ocrx_word' id='word_1_210' title='bbox 1401 1901 1456 1944; x_wconf 89' lang='lat' dir='ltr'><strong>ab</strong></span> <span class='ocrx_word' id='word_1_211' title='bbox 1486 1901 1684 1956; x_wconf 86' lang='lat' dir='ltr'><strong>epitoma—</strong></span> 
     </span>
     <span class='ocr_line' id='line_1_25' title="bbox 157 1971 1686 2033; baseline -0.005 -9"><span class='ocrx_word' id='word_1_212' title='bbox 157 1984 251 2023; x_wconf 88' lang='lat' dir='ltr'><strong>tore</strong></span> <span class='ocrx_word' id='word_1_213' title='bbox 280 1980 489 2033; x_wconf 84' lang='lat' dir='ltr'><strong>expuncta</strong></span> <span class='ocrx_word' id='word_1_214' title='bbox 523 1988 615 2017; x_wconf 90' lang='lat' dir='ltr'><strong>esse</strong></span> <span class='ocrx_word' id='word_1_215' title='bbox 639 1987 732 2016; x_wconf 89' lang='lat' dir='ltr'><strong>cum</strong></span> <span class='ocrx_word' id='word_1_216' title='bbox 762 1971 969 2015; x_wconf 85' lang='lat' dir='ltr'><strong>Sieversio</strong></span> <span class='ocrx_word' id='word_1_217' title='bbox 999 1972 1040 2024; x_wconf 89' lang='lat' dir='ltr'><strong>(l.</strong></span> <span class='ocrx_word' id='word_1_218' title='bbox 1071 1976 1121 2024; x_wconf 88' lang='lat' dir='ltr'><strong>c.)</strong></span> <span class='ocrx_word' id='word_1_219' title='bbox 1145 1971 1379 2027; x_wconf 87' lang='lat' dir='ltr'><strong>putandum</strong></span> <span class='ocrx_word' id='word_1_220' title='bbox 1406 1985 1497 2015; x_wconf 88' lang='lat' dir='ltr'><strong>esse</strong></span> <span class='ocrx_word' id='word_1_221' title='bbox 1525 1985 1686 2016; x_wconf 84' lang='lat' dir='ltr'><strong>censeo.</strong></span> 
     </span>
     <span class='ocr_line' id='line_1_26' title="bbox 158 2042 1685 2098; baseline -0.007 -3"><span class='ocrx_word' id='word_1_222' title='bbox 158 2051 250 2095; x_wconf 90' lang='lat' dir='ltr'><strong>Hoc</strong></span> <span class='ocrx_word' id='word_1_223' title='bbox 286 2050 377 2092; x_wconf 87' lang='lat' dir='ltr'><strong>loco</strong></span> <span class='ocrx_word' id='word_1_224' title='bbox 410 2060 561 2091; x_wconf 85' lang='lat' dir='ltr'><strong>novum</strong></span> <span class='ocrx_word' id='word_1_225' title='bbox 592 2044 774 2088; x_wconf 87' lang='lat' dir='ltr'><strong>invidiae</strong></span> <span class='ocrx_word' id='word_1_226' title='bbox 812 2043 996 2086; x_wconf 89' lang='lat' dir='ltr'><strong>auctoris</strong></span> <span class='ocrx_word' id='word_1_227' title='bbox 1025 2043 1070 2084; x_wconf 92' lang='lat' dir='ltr'><strong>in</strong></span> <span class='ocrx_word' id='word_1_228' title='bbox 1094 2042 1314 2085; x_wconf 88' lang='lat' dir='ltr'><strong>Thebanos</strong></span> <span class='ocrx_word' id='word_1_229' title='bbox 1353 2042 1586 2098; x_wconf 89' lang='lat' dir='ltr'><strong>exemplum</strong></span> <span class='ocrx_word' id='word_1_230' title='bbox 1614 2056 1685 2086; x_wconf 91' lang='lat' dir='ltr'><strong>no-</strong></span> 
     </span>
     <span class='ocr_line' id='line_1_27' title="bbox 155 2113 1685 2174; baseline -0.007 -6"><span class='ocrx_word' id='word_1_231' title='bbox 155 2124 223 2168; x_wconf 83' lang='lat' dir='ltr'><strong>bis</strong></span> <span class='ocrx_word' id='word_1_232' title='bbox 244 2120 427 2165; x_wconf 89' lang='lat' dir='ltr'><strong>occurrit</strong></span> <span class='ocrx_word' id='word_1_233' title='bbox 439 2132 566 2174; x_wconf 90' lang='lat' dir='ltr'><strong>quum</strong></span> <span class='ocrx_word' id='word_1_234' title='bbox 586 2130 657 2160; x_wconf 92' lang='lat' dir='ltr'><strong>eos</strong></span> <span class='ocrx_word' id='word_1_235' title='bbox 686 2119 801 2158; x_wconf 90' lang='lat' dir='ltr'><strong>metu</strong></span> <span class='ocrx_word' id='word_1_236' title='bbox 820 2114 1245 2158; x_wconf 86' lang='lat' dir='ltr'><strong>Lacedaemoniorum</strong></span> <span class='ocrx_word' id='word_1_237' title='bbox 1266 2113 1482 2165; x_wconf 89' lang='lat' dir='ltr'><strong>adductos,</strong></span> <span class='ocrx_word' id='word_1_238' title='bbox 1507 2114 1685 2159; x_wconf 87' lang='lat' dir='ltr'><strong>artificio</strong></span> 
     </span>
     <span class='ocr_line' id='line_1_28' title="bbox 158 2185 1684 2249; baseline -0.006 -12"><span class='ocrx_word' id='word_1_239' title='bbox 158 2193 341 2249; x_wconf 90' lang='lat' dir='ltr'><strong>quodam</strong></span> <span class='ocrx_word' id='word_1_240' title='bbox 369 2190 574 2239; x_wconf 89' lang='lat' dir='ltr'><strong>adhibito,</strong></span> <span class='ocrx_word' id='word_1_241' title='bbox 602 2188 803 2231; x_wconf 85' lang='lat' dir='ltr'><strong>adversus</strong></span> <span class='ocrx_word' id='word_1_242' title='bbox 832 2186 1158 2241; x_wconf 89' lang='lat' dir='ltr'><strong>Peloponnesios</strong></span> <span class='ocrx_word' id='word_1_243' title='bbox 1186 2199 1231 2227; x_wconf 93' lang='lat' dir='ltr'><strong>se</strong></span> <span class='ocrx_word' id='word_1_244' title='bbox 1261 2185 1487 2228; x_wconf 85' lang='lat' dir='ltr'><strong>collocasse</strong></span> <span class='ocrx_word' id='word_1_245' title='bbox 1516 2187 1684 2246; x_wconf 82' lang='lat' dir='ltr'><strong>scribat.</strong></span> 
     </span>
    </p>
   </div>
   <div class='ocr_carea' id='block_1_10' title="bbox 148 2284 1684 2916">
    <p class='ocr_par' dir='ltr' id='par_1_10' title="bbox 148 2284 1684 2916">
     <span class='ocr_line' id='line_1_29' title="bbox 291 2284 1684 2348; baseline -0.004 -12"><span class='ocrx_word' id='word_1_246' title='bbox 291 2291 512 2348; x_wconf 87' lang='lat' dir='ltr'><strong>Agesilaus</strong></span> <span class='ocrx_word' id='word_1_247' title='bbox 537 2287 778 2344; x_wconf 90' lang='lat' dir='ltr'><strong>Amphipoli</strong></span> <span class='ocrx_word' id='word_1_248' title='bbox 806 2299 1064 2330; x_wconf 90' lang='lat' dir='ltr'><strong>commorans</strong></span> <span class='ocrx_word' id='word_1_249' title='bbox 1101 2300 1127 2328; x_wconf 92' lang='lat' dir='ltr'><strong>a</strong></span> <span class='ocrx_word' id='word_1_250' title='bbox 1156 2284 1394 2340; x_wconf 82' lang='lat' dir='ltr'><strong>Dercyllida</strong></span> <span class='ocrx_word' id='word_1_251' title='bbox 1423 2285 1475 2328; x_wconf 88' lang='lat' dir='ltr'><strong>de</strong></span> <span class='ocrx_word' id='word_1_252' title='bbox 1503 2285 1583 2330; x_wconf 89' lang='lat' dir='ltr'><strong>hac</strong></span> <span class='ocrx_word' id='word_1_253' title='bbox 1610 2301 1684 2343; x_wconf 90' lang='lat' dir='ltr'><strong>pu-</strong></span> 
     </span>
     <span class='ocr_line' id='line_1_30' title="bbox 158 2357 1682 2422; baseline -0.004 -13"><span class='ocrx_word' id='word_1_254' title='bbox 158 2379 243 2422; x_wconf 83' lang='lat' dir='ltr'><strong>gna</strong></span> <span class='ocrx_word' id='word_1_255' title='bbox 272 2365 426 2408; x_wconf 89' lang='lat' dir='ltr'><strong>certior</strong></span> <span class='ocrx_word' id='word_1_256' title='bbox 452 2362 502 2405; x_wconf 93' lang='lat' dir='ltr'><strong>fit</strong></span> <span class='ocrx_word' id='word_1_257' title='bbox 530 2361 619 2414; x_wconf 88' lang='lat' dir='ltr'><strong>(IV,</strong></span> <span class='ocrx_word' id='word_1_258' title='bbox 652 2365 690 2411; x_wconf 89' lang='lat'><strong>3,</strong></span> <span class='ocrx_word' id='word_1_259' title='bbox 722 2365 778 2410; x_wconf 85' lang='lat'><strong>1).</strong></span> <span class='ocrx_word' id='word_1_260' title='bbox 837 2358 945 2400; x_wconf 86' lang='lat' dir='ltr'><strong>Num</strong></span> <span class='ocrx_word' id='word_1_261' title='bbox 975 2358 1060 2409; x_wconf 87' lang='lat' dir='ltr'><strong>hic,</strong></span> <span class='ocrx_word' id='word_1_262' title='bbox 1090 2372 1212 2412; x_wconf 91' lang='lat' dir='ltr'><strong>quem</strong></span> <span class='ocrx_word' id='word_1_263' title='bbox 1240 2357 1473 2412; x_wconf 88' lang='lat' dir='ltr'><strong>Xenophon</strong></span> <span class='ocrx_word' id='word_1_264' title='bbox 1497 2359 1682 2415; x_wconf 87' lang='lat' dir='ltr'><strong>legatum</strong></span> 
     </span>
     <span class='ocr_line' id='line_1_31' title="bbox 152 2428 1684 2492; baseline -0.005 -11"><span class='ocrx_word' id='word_1_265' title='bbox 152 2437 211 2481; x_wconf 85' lang='lat' dir='ltr'><strong>ad</strong></span> <span class='ocrx_word' id='word_1_266' title='bbox 241 2433 568 2492; x_wconf 85' lang='lat' dir='ltr'><strong>Tissaphernem</strong></span> <span class='ocrx_word' id='word_1_267' title='bbox 596 2432 770 2474; x_wconf 90' lang='lat' dir='ltr'><strong>missum</strong></span> <span class='ocrx_word' id='word_1_268' title='bbox 799 2429 929 2472; x_wconf 88' lang='lat' dir='ltr'><strong>fuisse</strong></span> <span class='ocrx_word' id='word_1_269' title='bbox 954 2428 1026 2482; x_wconf 93' lang='grc' dir='ltr'>ΙΙΙ,</span> <span class='ocrx_word' id='word_1_270' title='bbox 1057 2433 1096 2480; x_wconf 88' lang='grc'><strong>4,</strong></span> <span class='ocrx_word' id='word_1_271' title='bbox 1119 2433 1143 2471; x_wconf 87' lang='grc'>6</span> <span class='ocrx_word' id='word_1_272' title='bbox 1173 2428 1346 2482; x_wconf 84' lang='lat' dir='ltr'><strong>dixerat,</strong></span> <span class='ocrx_word' id='word_1_273' title='bbox 1373 2429 1532 2485; x_wconf 91' lang='lat' dir='ltr'><strong>proelio</strong></span> <span class='ocrx_word' id='word_1_274' title='bbox 1558 2431 1684 2475; x_wconf 89' lang='lat' dir='ltr'><strong>inter-</strong></span> 
     </span>
     <span class='ocr_line' id='line_1_32' title="bbox 152 2501 1684 2559; baseline -0.005 -7"><span class='ocrx_word' id='word_1_275' title='bbox 152 2509 244 2559; x_wconf 86' lang='lat' dir='ltr'><strong>fuit,</strong></span> <span class='ocrx_word' id='word_1_276' title='bbox 274 2512 323 2549; x_wconf 90' lang='lat' dir='ltr'><strong>ut</strong></span> <span class='ocrx_word' id='word_1_277' title='bbox 349 2506 480 2549; x_wconf 90' lang='lat' dir='ltr'><strong>Grote</strong></span> <span class='ocrx_word' id='word_1_278' title='bbox 495 2504 543 2554; x_wconf 92' lang='lat' dir='ltr'><strong>V,</strong></span> <span class='ocrx_word' id='word_1_279' title='bbox 572 2518 613 2558; x_wconf 87' lang='lat' dir='ltr'><strong>p.</strong></span> <span class='ocrx_word' id='word_1_280' title='bbox 633 2507 715 2544; x_wconf 87' lang='grc'><strong>248</strong></span> <span class='ocrx_word' id='word_1_281' title='bbox 744 2501 885 2543; x_wconf 89' lang='lat' dir='ltr'><strong>nescio</strong></span> <span class='ocrx_word' id='word_1_282' title='bbox 915 2514 998 2554; x_wconf 87' lang='lat' dir='ltr'><strong>qua</strong></span> <span class='ocrx_word' id='word_1_283' title='bbox 1026 2501 1079 2542; x_wconf 91' lang='lat' dir='ltr'><strong>de</strong></span> <span class='ocrx_word' id='word_1_284' title='bbox 1110 2514 1237 2542; x_wconf 86' lang='lat' dir='ltr'><strong>causa</strong></span> <span class='ocrx_word' id='word_1_285' title='bbox 1259 2501 1487 2554; x_wconf 81' lang='lat' dir='ltr'><strong>opinatur?</strong></span> <span class='ocrx_word' id='word_1_286' title='bbox 1527 2501 1572 2544; x_wconf 88' lang='lat' dir='ltr'><strong>Si</strong></span> <span class='ocrx_word' id='word_1_287' title='bbox 1598 2502 1684 2544; x_wconf 87' lang='lat' dir='ltr'><strong>dux</strong></span> 
     </span>
     <span class='ocr_line' id='line_1_33' title="bbox 151 2570 1682 2630; baseline -0.005 -6"><span class='ocrx_word' id='word_1_288' title='bbox 151 2578 422 2630; x_wconf 86' lang='lat' dir='ltr'><strong>clarissimus,</strong></span> <span class='ocrx_word' id='word_1_289' title='bbox 452 2577 569 2620; x_wconf 89' lang='lat' dir='ltr'><strong>cuius</strong></span> <span class='ocrx_word' id='word_1_290' title='bbox 596 2588 665 2618; x_wconf 91' lang='lat' dir='ltr'><strong>res</strong></span> <span class='ocrx_word' id='word_1_291' title='bbox 693 2576 839 2630; x_wconf 89' lang='lat' dir='ltr'><strong>gestae</strong></span> <span class='ocrx_word' id='word_1_292' title='bbox 867 2572 912 2615; x_wconf 92' lang='lat' dir='ltr'><strong>in</strong></span> <span class='ocrx_word' id='word_1_293' title='bbox 932 2570 1159 2629; x_wconf 87' lang='lat' dir='ltr'><strong>Hellenicis</strong></span> <span class='ocrx_word' id='word_1_294' title='bbox 1185 2576 1381 2616; x_wconf 89' lang='lat' dir='ltr'><strong>accurate</strong></span> <span class='ocrx_word' id='word_1_295' title='bbox 1410 2573 1682 2629; x_wconf 88' lang='lat' dir='ltr'><strong>explicantur,</strong></span> 
     </span>
     <span class='ocr_line' id='line_1_34' title="bbox 150 2638 1683 2709; baseline -0.004 -15"><span class='ocrx_word' id='word_1_296' title='bbox 150 2664 321 2709; x_wconf 83' lang='lat' dir='ltr'><strong>pugnae</strong></span> <span class='ocrx_word' id='word_1_297' title='bbox 346 2649 561 2704; x_wconf 88' lang='lat' dir='ltr'><strong>particeps</strong></span> <span class='ocrx_word' id='word_1_298' title='bbox 581 2646 673 2696; x_wconf 88' lang='lat' dir='ltr'><strong>fuit,</strong></span> <span class='ocrx_word' id='word_1_299' title='bbox 703 2646 854 2687; x_wconf 90' lang='lat' dir='ltr'><strong>mirum</strong></span> <span class='ocrx_word' id='word_1_300' title='bbox 884 2648 958 2694; x_wconf 88' lang='lat' dir='ltr'><strong>est,</strong></span> <span class='ocrx_word' id='word_1_301' title='bbox 990 2645 1103 2698; x_wconf 90' lang='lat' dir='ltr'><strong>quod</strong></span> <span class='ocrx_word' id='word_1_302' title='bbox 1122 2644 1356 2699; x_wconf 90' lang='lat' dir='ltr'><strong>Xenophon</strong></span> <span class='ocrx_word' id='word_1_303' title='bbox 1382 2638 1429 2687; x_wconf 91' lang='lat' dir='ltr'><strong>id</strong></span> <span class='ocrx_word' id='word_1_304' title='bbox 1457 2646 1608 2697; x_wconf 87' lang='lat' dir='ltr'><strong>omisit,</strong></span> <span class='ocrx_word' id='word_1_305' title='bbox 1634 2649 1683 2688; x_wconf 91' lang='lat' dir='ltr'><strong>ut</strong></span> 
     </span>
     <span class='ocr_line' id='line_1_35' title="bbox 153 2715 1681 2776; baseline -0.005 -9"><span class='ocrx_word' id='word_1_306' title='bbox 153 2722 282 2767; x_wconf 86' lang='lat' dir='ltr'><strong>etiam</strong></span> <span class='ocrx_word' id='word_1_307' title='bbox 300 2718 608 2776; x_wconf 84' lang='lat' dir='ltr'><strong>Thrasybulum</strong></span> <span class='ocrx_word' id='word_1_308' title='bbox 625 2720 714 2760; x_wconf 91' lang='lat' dir='ltr'><strong>tum</strong></span> <span class='ocrx_word' id='word_1_309' title='bbox 732 2715 1056 2759; x_wconf 87' lang='lat' dir='ltr'><strong>Atheniensibus</strong></span> <span class='ocrx_word' id='word_1_310' title='bbox 1085 2715 1317 2770; x_wconf 88' lang='lat' dir='ltr'><strong>praefuisse</strong></span> <span class='ocrx_word' id='word_1_311' title='bbox 1344 2715 1454 2773; x_wconf 74' lang='lat' dir='ltr'><strong>(Lys</strong></span> <span class='ocrx_word' id='word_1_312' title='bbox 1467 2730 1545 2772; x_wconf 91' lang='lat' dir='ltr'><strong>pro</strong></span> <span class='ocrx_word' id='word_1_313' title='bbox 1564 2715 1681 2760; x_wconf 80' lang='lat' dir='ltr'><strong>Man-</strong></span> 
     </span>
     <span class='ocr_line' id='line_1_36' title="bbox 151 2787 1683 2848; baseline -0.004 -11"><span class='ocrx_word' id='word_1_314' title='bbox 151 2793 247 2838; x_wconf 86' lang='lat' dir='ltr'><strong>tith.</strong></span> <span class='ocrx_word' id='word_1_315' title='bbox 277 2807 317 2848; x_wconf 90' lang='lat' dir='ltr'><strong>p.</strong></span> <span class='ocrx_word' id='word_1_316' title='bbox 346 2795 445 2844; x_wconf 83' lang='lat'>159)</span> <span class='ocrx_word' id='word_1_317' title='bbox 488 2793 614 2833; x_wconf 86' lang='lat' dir='ltr'><strong>tacet.</strong></span> <span class='ocrx_word' id='word_1_318' title='bbox 685 2788 863 2840; x_wconf 84' lang='lat' dir='ltr'><strong>Quando</strong></span> <span class='ocrx_word' id='word_1_319' title='bbox 897 2787 1157 2843; x_wconf 84' lang='lat' dir='ltr'><strong>Dercyllidas</strong></span> <span class='ocrx_word' id='word_1_320' title='bbox 1195 2788 1240 2829; x_wconf 92' lang='lat' dir='ltr'><strong>in</strong></span> <span class='ocrx_word' id='word_1_321' title='bbox 1277 2788 1460 2843; x_wconf 89' lang='lat' dir='ltr'><strong>patriam</strong></span> <span class='ocrx_word' id='word_1_322' title='bbox 1495 2801 1548 2830; x_wconf 88' lang='lat' dir='ltr'><strong>ex</strong></span> <span class='ocrx_word' id='word_1_323' title='bbox 1581 2787 1683 2831; x_wconf 85' lang='lat' dir='ltr'><strong>Asia</strong></span> 
     </span>
     <span class='ocr_line' id='line_1_37' title="bbox 148 2858 1680 2916; baseline -0.003 -7"><span class='ocrx_word' id='word_1_324' title='bbox 148 2864 302 2909; x_wconf 76' lang='lat' dir='ltr'><strong>rediit?</strong></span> <span class='ocrx_word' id='word_1_325' title='bbox 358 2862 542 2907; x_wconf 89' lang='lat' dir='ltr'><strong>Videsne</strong></span> <span class='ocrx_word' id='word_1_326' title='bbox 580 2874 705 2916; x_wconf 91' lang='lat' dir='ltr'><strong>quam</strong></span> <span class='ocrx_word' id='word_1_327' title='bbox 743 2860 853 2904; x_wconf 90' lang='lat' dir='ltr'><strong>male</strong></span> <span class='ocrx_word' id='word_1_328' title='bbox 887 2873 956 2903; x_wconf 88' lang='lat' dir='ltr'><strong>res</strong></span> <span class='ocrx_word' id='word_1_329' title='bbox 986 2859 1190 2916; x_wconf 25' lang='lat' dir='ltr'><strong>,singulae</strong></span> <span class='ocrx_word' id='word_1_330' title='bbox 1227 2858 1342 2916; x_wconf 87' lang='lat' dir='ltr'><strong>apud</strong></span> <span class='ocrx_word' id='word_1_331' title='bbox 1370 2858 1680 2905; x_wconf 83' lang='lat' dir='ltr'><strong>Hellenicorum</strong></span> 
     </span>
    </p>
   </div>
   <div class='ocr_carea' id='block_1_11' title="bbox 148 2930 1682 2992">
    <p class='ocr_par' dir='ltr' id='par_1_11' title="bbox 148 2930 1682 2992">
     <span class='ocr_line' id='line_1_38' title="bbox 148 2930 1682 2992; baseline -0.005 -10"><span class='ocrx_word' id='word_1_332' title='bbox 148 2940 361 2983; x_wconf 87' lang='lat' dir='ltr'><strong>auctorem</strong></span> <span class='ocrx_word' id='word_1_333' title='bbox 386 2937 608 2992; x_wconf 86' lang='lat' dir='ltr'><strong>coaptatae</strong></span> <span class='ocrx_word' id='word_1_334' title='bbox 636 2933 730 2986; x_wconf 88' lang='lat' dir='ltr'><strong>sint,</strong></span> <span class='ocrx_word' id='word_1_335' title='bbox 760 2933 843 2988; x_wconf 90' lang='lat' dir='ltr'><strong>qui,</strong></span> <span class='ocrx_word' id='word_1_336' title='bbox 867 2934 916 2975; x_wconf 89' lang='lat' dir='ltr'><strong>ut</strong></span> <span class='ocrx_word' id='word_1_337' title='bbox 942 2932 1034 2989; x_wconf 89' lang='lat' dir='ltr'><strong>ipse</strong></span> <span class='ocrx_word' id='word_1_338' title='bbox 1065 2931 1149 2987; x_wconf 88' lang='lat' dir='ltr'><strong>(IV,</strong></span> <span class='ocrx_word' id='word_1_339' title='bbox 1176 2936 1214 2984; x_wconf 89' lang='lat'><strong>8,</strong></span> <span class='ocrx_word' id='word_1_340' title='bbox 1247 2936 1286 2983; x_wconf 87' lang='grc'><strong>1)</strong></span> <span class='ocrx_word' id='word_1_341' title='bbox 1308 2930 1546 2987; x_wconf 88' lang='lat' dir='ltr'><strong>praedicat,</strong></span> <span class='ocrx_word' id='word_1_342' title='bbox 1582 2941 1682 2988; x_wconf 78' lang='lat' dir='ltr'><strong>gra·</strong></span> 
     </span>
    </p>
   </div>
  </div>
 </body>
</html>
