1929 3200
850 148 1129 210 —26—

221 279 479 337 reipublicae
507 280 834 338 gubernaculum
865 281 1014 325 cedere
1042 285 1241 325 coactum.
1300 281 1425 333 Haec,
1457 281 1523 325 cui
1551 280 1657 324 nihil
1679 294 1751 325 an-

221 353 378 408 tiquius
405 357 497 396 erat
511 367 636 409 quam
652 357 699 395 ut
729 367 790 404 ea,
820 367 928 409 quae
948 355 992 396 in
1009 354 1112 397 Asia
1138 356 1363 410 praecipue
1389 354 1606 408 Lysander
1631 354 1748 397 insti-

220 426 379 476 tuerat,
423 424 730 481 oligarchorum
765 425 942 481 imperia
982 438 1107 483 quam
1136 425 1355 470 celerrime
1398 424 1672 468 resciinderet
1708 428 1751 468 et

221 496 398 546 deleret,
434 496 591 537 invidia
624 497 668 537 in
707 496 968 551 Lysandrum
1010 497 1232 539 Persarum
1271 498 1449 540 amicum
1489 496 1750 539 inflammata

220 568 400 611 maxime
431 568 611 611 omnium
640 567 720 612 hoc
749 567 903 612 bellum
931 583 1109 624 parasse
1138 569 1322 620 videtur,
1347 568 1594 625 praesertim
1624 580 1751 626 quum

218 639 439 692 imperium
468 639 714 688 Persarum,
756 639 869 694 quod
898 652 1022 694 quam
1052 641 1275 683 infractum
1312 640 1658 694 debilitatumque
1687 652 1749 682 es-

221 715 297 762 set,
329 710 424 767 Cyri
453 710 721 754 mercenariis
748 710 950 762 reversis,
984 710 1153 754 evidens
1184 715 1285 763 erat,
1316 710 1438 755 facile
1467 710 1597 753 everti
1624 723 1749 766 posse

219 783 502 838 opinarentur.
562 782 801 837 Dercyllida
818 783 927 824 enim
958 783 1204 837 imperante,
1228 783 1372 837 ephori
1392 783 1531 838 patria
1553 782 1748 825 instituta

217 854 456 897 civitatibus
484 853 605 896 reddi
633 853 798 908 publice
835 853 1048 895 iusserunt
1078 854 1178 904 (III,
1209 858 1254 904 4,
1280 858 1333 905 2).
1392 852 1494 895 Tum
1520 851 1747 907 Lysander,

215 929 337 980 parte
367 926 570 979 pristinae
598 925 711 979 apud
740 924 848 966 cives
878 925 1091 978 potentiae
1119 928 1376 979 recuperata,
1410 924 1662 980 Agesilaum,
1699 927 1748 966 ut

215 995 368 1038 bellum
409 996 657 1050 susciperet,
706 995 1067 1038 vehementissime
1104 996 1336 1051 instigavit,
1373 999 1624 1050 potestatem
1665 995 1746 1038 sibi

214 1066 303 1109 fore
333 1080 527 1122 sperans,
559 1081 620 1117 ea,
651 1079 758 1122 quae
788 1066 934 1122 ephori
962 1067 1240 1117 resciderant,
1270 1080 1388 1122 rege,
1427 1066 1493 1109 cui
1521 1079 1658 1109 comes
1682 1066 1743 1109 fu-

213 1142 334 1180 turus
364 1143 475 1187 erat,
519 1138 765 1187 adiuvante,
795 1137 1021 1181 reficiendi.
1081 1139 1146 1180 Ad
1176 1142 1433 1193 postremum
1461 1137 1743 1193 quaerendum

212 1209 399 1258 videtur,
432 1224 505 1252 cur
528 1209 861 1259 Lacedaemonii,
892 1210 939 1259 si,
969 1213 1017 1250 ut
1045 1209 1203 1252 liberae
1232 1212 1372 1252 essent
1398 1209 1587 1252 civitates
1616 1208 1742 1251 Grae·
1799 1220 1802 1223 ⁴

214 1294 355 1323 corum
385 1281 619 1330 Asiaticae,
660 1281 745 1330 ita,
772 1284 819 1322 ut
847 1280 1076 1334 Xenophon
1110 1281 1271 1331 scribit,
1311 1281 1363 1322 iis
1392 1294 1516 1323 curae
1545 1279 1743 1336 cordique

215 1357 318 1401 erat,
345 1365 427 1392 non
458 1352 812 1405 opportunissimo
840 1355 1044 1405 tempore,
1075 1365 1156 1407 quo
1185 1352 1230 1394 id
1259 1350 1404 1406 perfici
1432 1353 1616 1405 poterat,
1654 1351 1681 1394 i.
1706 1364 1739 1400 e,

215 1435 342 1478 quum
371 1422 503 1477 Cyrus
533 1422 686 1464 bellum
718 1422 919 1464 adversus
945 1422 1116 1464 fratrem
1143 1427 1324 1477 pararet,
1351 1422 1405 1471 id,
1433 1422 1544 1476 quod
1573 1424 1742 1478 exopta-

211 1494 324 1536 bantv
368 1494 538 1549 assequi
566 1494 704 1536 conati
733 1493 888 1535 fuerint
928 1493 993 1547 (cf.
1023 1493 1184 1536 Sievers
1213 1494 1238 1535 1.
1265 1508 1296 1536 c.
1325 1508 1363 1548 p.
1380 1498 1462 1544 42).
1521 1493 1740 1544 Quodcun-

211 1578 312 1622 que,
342 1568 389 1608 ut
416 1568 503 1607 tam
534 1564 672 1607 subito
700 1564 872 1607 consilia
900 1564 1091 1619 publica,
1124 1578 1231 1621 quae
1260 1578 1393 1621 usque
1420 1564 1475 1607 ad
1502 1564 1546 1607 id
1575 1568 1740 1621 tempus

208 1637 341 1679 secuti
355 1639 485 1687 erant,
514 1636 834 1679 Lacedaemonii
856 1637 1123 1691 deponerent,
1150 1636 1288 1679 effecit
1317 1650 1343 1679 a
1362 1636 1634 1691 Xenophonte
1650 1640 1741 1679 tan-

206 1712 295 1751 tum
314 1722 441 1751 causa
468 1709 651 1750 omnium
671 1709 976 1763 speciosissima
997 1712 1039 1751 et
1059 1722 1166 1765 quae
1182 1708 1522 1752 Lacedaemoniis
1539 1708 1741 1762 plurimas

207 1781 368 1836 gratias
411 1780 525 1834 apud
563 1780 740 1823 lectores
784 1781 1025 1823 conciliaret
1062 1786 1136 1823 aut
1176 1782 1211 1822 si
1249 1781 1341 1835 quis
1383 1794 1476 1822 eum
1525 1779 1740 1823 hebetiore

206 1855 345 1894 mente
372 1851 501 1894 fuisse
528 1852 739 1894 existimat
766 1866 890 1907 quam
921 1853 991 1907 qui
1021 1866 1169 1894 causas
1197 1852 1331 1906 magis
1359 1851 1597 1894 reconditas
1625 1852 1740 1906 peni-

205 1927 274 1966 tus
299 1923 537 1978 perspicere
566 1926 731 1977 posset,
771 1923 838 1965 cui
876 1922 1070 1979 equidem
1107 1922 1222 1964 haud
1251 1922 1525 1972 adversabor,
1560 1922 1739 1964 maxime

206 1995 451 2050 conspicua,
497 2008 605 2051 quae
645 1994 722 2036 sub
762 1994 943 2036 omnium
983 1994 1113 2037 oculis
1148 1994 1289 2050 posita
1329 1997 1442 2045 erat,
1482 1993 1613 2036 allata
1647 2007 1739 2037 esse

204 2065 380 2108 videtur.

342 2136 479 2189 Atque
509 2135 656 2177 eadem
683 2136 903 2177 mediocris
934 2136 1224 2190 intellegentia
1259 2135 1325 2177 vel
1345 2135 1529 2177 studium
1563 2135 1737 2178 Laconi-

206 2222 301 2251 cum
334 2207 510 2261 (Volkm.
540 2207 566 2250 1.
597 2221 629 2249 c.
649 2221 690 2261 p.
715 2210 798 2257 36),
827 2221 880 2249 ne
909 2220 1029 2250 veras
1055 2207 1154 2250 belli
1183 2205 1441 2249 Corinthiaci
1466 2220 1613 2250 causas
1638 2220 1736 2262 ape·

203 2280 319 2329 riret,
351 2277 670 2333 Xenophontem
713 2278 943 2331 impedivit.
1003 2277 1104 2328 Quis
1135 2281 1183 2320 ut
1206 2278 1397 2320 nationes
1412 2277 1613 2320 Graeciae
1643 2291 1737 2321 con-

202 2355 270 2394 tra
296 2349 651 2393 Lacedaemonios
682 2363 726 2390 se
750 2352 964 2391 armarent
992 2349 1107 2391 nulla
1135 2349 1219 2391 alia
1244 2363 1290 2391 re
1319 2348 1511 2392 effectum
1542 2363 1634 2393 esse
1660 2364 1735 2405 pu-

201 2426 265 2466 tet
279 2422 361 2464 nisi
381 2421 720 2477 demagogorum,
751 2433 855 2475 quos
879 2420 1142 2462 Tithraustes
1159 2421 1333 2475 pecunia
1353 2425 1609 2477 corruperat,
1638 2435 1732 2478 con·

203 2494 504 2538 citationibus?
539 2492 752 2544 Civitates,
784 2506 893 2546 quae
923 2492 1048 2547 paulo
1078 2497 1175 2546 post
1203 2493 1316 2547 apud
1331 2492 1579 2543 Haliartum,
1610 2492 1732 2537 Coro-

201 2580 335 2616 neam,
360 2565 560 2608 Nemeam
584 2565 628 2605 in
656 2564 747 2606 acie
777 2568 924 2606 contra
942 2562 1170 2619 Spartanos
1199 2567 1415 2615 steterunt,
1441 2567 1489 2606 ut
1515 2568 1636 2608 erant
1663 2578 1731 2608 ex-

199 2638 377 2680 haustae
406 2641 449 2679 et
475 2636 734 2685 debilitatae,
765 2636 846 2677 nisi
865 2636 1042 2691 pecunia
1062 2636 1284 2678 Persarum
1301 2639 1558 2679 sustentatas
1576 2635 1733 2679 bellum

198 2710 266 2753 vix
294 2709 506 2765 suscipere
526 2707 716 2764 potuisse
744 2706 858 2750 haud
876 2706 1141 2750 infitiandum
1171 2710 1244 2751 est.
1303 2706 1437 2759 Quam
1466 2720 1564 2750 vero
1592 2707 1729 2751 abiec—

199 2786 265 2825 tos
293 2781 565 2837 perditosque
594 2780 784 2823 homines
814 2794 894 2832 eos,
922 2781 994 2835 qui
1023 2784 1112 2822 tum
1142 2780 1253 2835 apud
1283 2779 1532 2832 Corinthios,
1562 2779 1732 2823 Atheni-

199 2867 347 2903 enses,
379 2851 601 2896 Thebanos
631 2852 842 2908 principes
872 2853 916 2895 in
940 2852 1159 2907 republica
1187 2856 1327 2905 erant,
1362 2854 1406 2894 et
1441 2850 1587 2906 quales
1614 2852 1729 2908 ipsos

195 2924 384 2981 singulas
423 2927 571 2980 gentes
612 2922 741 2968 fuisse
778 2927 925 2979 putas,
968 2924 1005 2967 si
1027 2924 1089 2967 illi
1129 2923 1218 2967 sola
1245 2922 1448 2981 pecuniae
1473 2922 1728 2979 cupididate,
