1929 3200
869 173 1146 214 -28-

247 286 300 329 de
330 285 673 328 Lacedaemoniis
711 284 783 327 illo
819 284 930 328 bello
967 288 1225 341 reportatam
1255 288 1570 336 commemorat,
1610 285 1663 328 de
1690 298 1775 341 qua

246 356 351 399 nihil
377 357 421 399 in
449 356 675 399 Hellenicis
704 356 924 411 reperitur.

384 427 623 482 Sequuntur
647 440 758 470 nunc
784 440 852 469 res
882 427 983 470 belli
1012 426 1279 477 Corinthiaci,
1309 426 1421 482 quod
1447 429 1630 476 vocatur,
1655 425 1773 480 ipsae

247 512 353 553 quas
374 499 579 554 quomodo
600 498 815 553 scripserit
829 497 1061 553 Xenophon
1090 499 1135 540 in
1154 499 1246 553 ipso
1268 497 1543 554 pugnantium
1572 510 1773 540 concursu

247 570 473 613 collocatus
503 584 629 624 quam
657 569 975 624 diligentissime
1005 570 1183 612 scrutati
1215 570 1487 625 explicemus,
1525 567 1773 623 praesertim

246 655 373 695 quum
416 640 473 682 ad
524 644 681 683 statum
722 640 936 682 civitatum
976 639 1235 682 Graecarum
1262 639 1566 682 immutandum
1604 637 1773 681 maximi

243 712 441 755 momenti
464 715 614 754 essent.
672 712 808 766 Atque
834 710 914 753 hoo
942 711 1316 765 praemuniendum
1342 711 1526 762 videtur,
1561 722 1673 763 eum,
1700 708 1772 764 qui

245 787 457 827 auctorem
486 784 529 824 in
560 783 744 838 Agesilai
774 783 959 825 exercitu
988 782 1117 825 fuisse
1145 783 1324 826 fortasse
1353 782 1618 838 ignoraverit,
1647 794 1773 835 quum

248 868 356 909 quae
392 854 444 896 de
481 853 608 896 rebus
641 867 669 896 a
698 854 821 896 sociis
861 857 903 896 et
933 852 1151 907 Spartanis
1190 854 1320 909 gestis
1355 853 1503 904 tradit,
1533 847 1773 895 attente'le-

245 926 374 981 gerit,
412 925 524 979 apud
563 938 705 978 regem
744 928 953 966 versatum
994 938 1085 967 esse
1123 924 1246 968 facile
1282 915 1596 980 suspicaturum.
1663 923 1771 966 Nam

245 1010 353 1051 quae
382 999 481 1038 ante
503 995 684 1039 reditum
709 994 894 1050 Agesilai
926 999 968 1038 et
997 1010 1181 1051 pugnam
1209 995 1511 1039 Coroneensem
1539 998 1635 1038 acta
1663 998 1770 1046 sunt,

245 1067 516 1116 brevissime,
547 1070 595 1108 ut
624 1067 752 1118 solet,
780 1067 965 1122 exponit,
996 1070 1043 1109 ut
1070 1067 1205 1122 plura,
1236 1080 1343 1121 quae
1371 1066 1483 1121 apud
1509 1066 1614 1108 alios
1644 1065 1771 1121 scrip·

244 1142 358 1181 tores
387 1138 595 1193 leguntur,
626 1139 850 1181 nescivisse
876 1142 960 1188 aut,
994 1152 1045 1181 ne
1078 1139 1254 1194 gloriam
1284 1139 1488 1181 sociorum
1510 1139 1771 1192 maximeque

246 1209 538 1252 Thebanorum
577 1208 878 1263 amplificaret,
917 1210 1135 1252 reticuisse
1173 1210 1374 1252 videatur.
1442 1210 1580 1263 Atque
1616 1208 1770 1252 bellum

244 1281 326 1323 hac
353 1294 400 1323 re
429 1284 585 1322 motum
618 1284 700 1322 est.
734 1280 844 1335 quod
875 1280 1064 1324 Thebani
1092 1280 1269 1330 Locros,
1305 1284 1353 1323 ut
1379 1280 1614 1323 Phocenses
1641 1279 1770 1323 laces·

246 1355 397 1401 serent,
430 1351 695 1405 impulerunt.
755 1351 875 1401 Quod
901 1365 992 1393 cum
1022 1352 1322 1406 comperissent
1338 1351 1668 1401 Lacedaemonii,
1693 1350 1769 1406 Ly-

244 1422 445 1474 sandrum
471 1425 514 1464 et
538 1422 790 1464 Pausaniam
819 1422 1043 1474 miserunt,
1085 1423 1156 1476 qui
1184 1422 1473 1465 Thebanorum
1507 1422 1770 1465 insolentiam

244 1497 485 1537 coercerent
506 1493 596 1544 (III,
610 1497 683 1544 5,5
700 1491 942 1549 ἐλογίζοντο
962 1519 1007 1525 -
1042 1496 1206 1536 παῦσαι
1228 1495 1301 1550 τῆς
1324 1493 1383 1545 εἰς
1397 1489 1558 1545 αὐτοὺς
1577 1488 1769 1550 ὕβρεως.)

244 1564 354 1606 Ante
384 1564 567 1606 Haliarti
604 1577 745 1606 muros
773 1565 991 1619 Lysander
1031 1578 1122 1607 cum
1144 1565 1312 1607 Boeotis
1343 1564 1548 1619 confligit,
1590 1578 1671 1618 quo
1705 1578 1770 1608 oc-

246 1636 333 1679 ciso
362 1635 515 1677 milites
541 1634 843 1690 Spartanorum
872 1635 1047 1691 fugiunt.
1107 1635 1328 1686 Proelium,
1363 1649 1444 1690 quo
1471 1634 1661 1678 effectum
1694 1639 1770 1687 est,

242 1710 290 1748 ut
312 1720 454 1749 omnes
477 1719 619 1748 eorum
642 1706 884 1757 adversarii,
917 1708 1044 1749 etiam
1065 1708 1136 1761 qui
1162 1707 1300 1750 adhuc
1320 1707 1502 1750 cunctati
1524 1710 1645 1749 erant
1669 1706 1771 1749 soci-

244 1781 400 1821 etatem
426 1778 581 1820 inirent
619 1778 844 1832 copiasque
882 1791 980 1820 suas
1006 1778 1318 1833 coniungerent,
1348 1791 1432 1820 non
1461 1791 1530 1828 ea,
1570 1791 1652 1831 qua
1692 1791 1772 1833 par

244 1853 319 1898 est,
348 1848 614 1892 accuratione
638 1849 682 1890 in
706 1848 932 1891 Hellenicis
962 1850 1198 1903 expositum
1229 1862 1319 1891 esse
1351 1862 1493 1891 omnes
1521 1848 1771 1904 interpretes

243 1933 326 1962 uno
352 1933 426 1962 ore
454 1921 731 1962 consentiunt.
776 1919 1010 1974 Xenophon
1030 1921 1138 1961 enim
1160 1934 1375 1962 numerum
1401 1933 1617 1961 caesorum
1645 1923 1770 1969 tacet,

244 2004 349 2048 quos
377 1990 490 2046 apud
508 1989 863 2033 Lacedaemonios
892 1990 1033 2046 plures
1053 2004 1178 2047 quam
1207 1991 1251 2033 in
1279 1990 1463 2034 exercitu
1479 1989 1770 2033 Thebanorum

242 2062 372 2104 fuisse
401 2075 453 2103 ex
480 2061 588 2103 Plut.
616 2061 710 2116 Lys.
743 2066 806 2103 28.
833 2066 884 2102 29
917 2065 959 2104 et
979 2061 1100 2104 Diod.
1120 2062 1230 2112 XIV,
1252 2067 1303 2104 81
1334 2062 1499 2104 scimus.
1554 2061 1771 2105 Nihilomi-

242 2147 321 2176 nus
351 2132 470 2188 quasi
500 2132 553 2175 de
583 2132 716 2188 gloria
744 2132 993 2175 Boeotorum
1027 2133 1188 2189 aliquid
1217 2132 1438 2176 detrahere
1477 2132 1515 2175 ei
1551 2133 1595 2175 in
1631 2133 1769 2177 animo

243 2203 402 2255 fuisset,
435 2217 516 2254 eos,
547 2217 672 2260 quum
702 2203 1022 2247 Lacedaemonii
1054 2218 1098 2246 se
1128 2205 1376 2260 recipientes
1403 2208 1576 2260 repente
1603 2217 1648 2247 se
1676 2218 1769 2247 con-

242 2278 473 2325 verterent,
514 2276 609 2332 plus
647 2289 774 2331 quam
815 2275 1015 2318 ducentos
1042 2276 1196 2318 milites
1222 2276 1412 2318 amisisse
1441 2280 1597 2320 narrat.
1656 2275 1772 2319 Nihil

241 2348 356 2403 apud
386 2347 701 2402 Xenophontem
740 2347 793 2390 de
830 2348 883 2389 iis
897 2380 906 2398 ,
936 2361 1044 2404 quae
1073 2362 1124 2391 ex
1153 2348 1311 2403 praelio
1339 2352 1482 2391 secuta
1511 2353 1626 2399 sunt,
1668 2348 1770 2404 quid

241 2418 343 2460 mali
370 2418 468 2460 inde
497 2418 553 2460 ad
582 2417 958 2468 Lacedaemonios,
1002 2418 1103 2473 quid
1141 2419 1240 2461 boni
1269 2418 1324 2460 ad
1354 2419 1487 2460 socios
1513 2418 1770 2470 redundarit,

244 2488 466 2534 invenitur.
524 2488 587 2531 Ne
615 2488 659 2530 id
690 2488 859 2544 quidem
888 2492 1001 2531 certo
1032 2502 1083 2530 ex
1108 2489 1197 2531 eius
1225 2489 1366 2531 ieiuna
1380 2488 1620 2531 narratione
1642 2502 1771 2544 appa-

241 2564 326 2612 ret,
363 2560 586 2604 Thebanos
625 2573 772 2603 revera
815 2561 1052 2615 superiores
1080 2559 1208 2603 fuisse
1247 2560 1312 2613 (cf.
1342 2559 1505 2603 Sievers
1532 2559 1557 2602 l.
1588 2573 1621 2603 c.
1648 2575 1688 2616 p.
1717 2564 1770 2603 65

240 2636 324 2676 not.
357 2637 448 2686 21),
486 2646 590 2690 quos
621 2646 859 2690 quanquam
888 2632 1163 2689 Lysandrum,
1186 2633 1458 2676 clarissimum
1488 2630 1647 2684 ducem,
1672 2632 1772 2677 ado—

240 2706 316 2748 riri
345 2719 429 2747 non
459 2705 756 2748 dubitaverant
770 2738 779 2756 ,
808 2706 843 2757 ξ.
876 2710 929 2747 22
960 2709 1101 2748 tamen
1130 2706 1257 2748 tacite
1284 2718 1462 2760 magnae
1487 2705 1680 2759 ignaviae
1705 2719 1772 2747 ar-

240 2777 342 2833 guit.
401 2776 504 2819 Mihi
545 2776 714 2833 quidem
748 2775 793 2818 id
831 2777 1038 2832 imprimis
1077 2777 1225 2819 mirum
1255 2776 1439 2825 videtur,
1473 2774 1585 2832 quod
1611 2775 1770 2820 obitum

241 2848 379 2899 ducis,
420 2848 492 2904 qui
516 2847 562 2890 id
590 2847 744 2891 aetatis
773 2846 887 2890 haud
927 2847 1052 2891 dubie
1081 2847 1276 2904 princeps
1315 2849 1358 2890 et
1396 2859 1579 2889 summus
1614 2860 1699 2890 non
1726 2846 1772 2889 in

237 2921 378 2977 patria
391 2919 535 2971 solum,
561 2919 637 2963 sed
661 2919 879 2963 universae
902 2919 1104 2963 Graeciae
1132 2919 1220 2973 fuit,
1248 2919 1384 2963 obiter
1402 2909 1583 2973 tanth
1605 2921 1654 2961 ut
1681 2930 1770 2961 rem
