1929 3200
798 151 1113 195 —14-·

308 263 360 308 In
384 263 485 309 libri
508 263 529 308 I
557 263 697 320 capite
723 268 748 307 3
775 264 965 309 narratio
992 264 1097 309 satis
1124 263 1249 322 plene
1275 265 1371 312 fluit
1407 271 1455 313 et
1480 266 1712 326 praeapte

175 336 431 393 expugnatio
450 335 643 393 Byzantii
669 350 731 390 ea,
757 350 843 393 qua
864 351 944 393 par
973 340 1048 391 est,
1080 336 1301 395 diligentia
1327 338 1590 385 describitur.
1634 338 1708 387 Ni·

173 406 399 453 hilosecius
426 407 497 452 hic
522 421 689 464 quoque
725 407 852 452 rebus
880 408 1008 452 variis
1038 422 1188 464 graves
1216 409 1419 455 adversus
1454 411 1581 456 fidem
1606 411 1708 456 Hele-

171 478 401 524 lenioorum
426 480 685 535 suspiciones
712 483 941 524 moventur.
998 478 1321 535 Pharnabazus,
1359 483 1544 527 omnium
1568 482 1710 529 adhuc

172 549 510 596 adversariorum
537 550 865 595 Atheniensibus
901 549 1218 606 infestissimus,
1256 553 1372 610 apud
1400 553 1707 600 Chalcedonam-

173 622 361 666 devictus
388 636 483 666 cum
508 622 564 666 iis
592 623 752 678 pacisci
771 624 948 679 cogitur.
1002 623 1204 679 Utrisque
1230 625 1283 668 de
1311 626 1463 682 legatis
1483 626 1540 670 ad
1563 640 1708 684 regem

171 695 389 740 mittendis
415 695 608 739 convenit
633 698 676 739 et
704 695 953 748 decernitur,
983 695 1327 742 neAthenienses
1350 698 1509 743 incolas
1536 697 1705 745 Chalce—

171 767 293 812 donis
321 766 502 823 amplius
533 770 694 810 vexent.
750 766 1003 810 Incredibile
1031 767 1134 811 mihi
1161 768 1344 821 videtur,
1373 769 1704 825 Pharnabazum

170 853 225 885 ne
242 838 483 884 Chalcedon
496 838 821 883 Atheniensibus
835 838 1086 893 traderetur,
1114 839 1349 896 providisse
1363 846 1602 886 contentum
1617 842 1704 887 suis

168 911 303 968 ipsius
331 911 459 956 rebus
487 910 594 955 adeo
623 924 707 954 non
736 910 1017 964 consuluisse,
1058 914 1106 954 ut
1148 924 1243 954 eum
1279 913 1451 968 eiusque
1484 913 1704 970 imperium

169 985 298 1029 etiam
325 983 522 1040 posthac,
564 983 679 1026 salvo
708 982 877 1026 toedere
894 1015 904 1033 ‚
942 982 1268 1027 Atheniensibus
1305 984 1511 1028 lacessere
1547 985 1704 1029 liceret.

168 1056 261 1102 Aut
285 1071 372 1101 non
396 1056 563 1114 integer
591 1060 657 1100 est
680 1055 797 1100 locus
810 1089 820 1107 ‚
862 1057 911 1098 ut
937 1053 1059 1098 multi
1088 1054 1182 1107 alii,
1224 1057 1299 1098 aut
1327 1068 1421 1099 eum
1449 1054 1703 1101 Schneider-o

168 1134 213 1176 et
236 1129 384 1175 Grotio
411 1129 475 1183 (V.
504 1144 546 1185 p.
578 1133 681 1181 406)
717 1141 795 1183 pro
821 1125 1138 1183 Χαλκηδονίοις
1162 1126 1399 1183 ponendum
1438 1131 1503 1170 est
1533 1129 1703 1185 Φαρνα-

166 1196 298 1259 βάζῳ.
356 1200 485 1245 Haud
526 1199 654 1244 dubie
688 1199 822 1243 multa
858 1197 929 1242 hic
955 1198 1111 1241 omissa
1147 1200 1267 1249 sunt,
1298 1197 1411 1253 quod
1451 1211 1503 1242 ex
1527 1198 1703 1243 Diodori

167 1272 271 1318 XIII
301 1287 336 1317 c.
365 1276 420 1315 64
446 1275 490 1316 et
521 1276 574 1315 66
591 1305 601 1322 ,
638 1271 711 1326 qui
738 1269 1025 1325 expeditiones
1052 1268 1344 1321 Theramenis,
1379 1283 1489 1325 quae
1514 1273 1702 1326 tempore

166 1344 279 1388 inter
306 1357 494 1400 pugnam
515 1341 761 1399 Cyzicenam
792 1344 836 1384 et
863 1339 1186 1384 chalcedoniam
1222 1340 1473 1395 interposito
1499 1341 1701 1385 adversus

167 1414 473 1462 Chalcedonios
501 1417 546 1458 et
570 1413 824 1470 Byzantinos
863 1414 1002 1455 tactae
1041 1414 1158 1463 sunt,
1199 1412 1395 1468 exponit,
1438 1412 1699 1469 intelligitur.

165 1485 284 1532 Nihil
311 1485 366 1531 de
390 1485 458 1530 his
480 1484 608 1529 rebus
633 1483 749 1540 apud
772 1481 1113 1539 Xenophontem!

303 1557 484 1602 Nomina
514 1556 794 1613 singulorum,
837 1567 942 1609 quos
980 1553 1144 1609 legatos
1179 1553 1384 1598 miserunt
1408 1554 1698 1608 Athenienses,

165 1629 342 1681 multa,·
364 1633 414 1673 ut
450 1631 647 1684 suspecta
672 1626 931 1678 habeantur,
969 1628 1152 1670 monent.
1222 1625 1385 1671 Nomen
1411 1626 1700 1684 Euryptolemi

164 1701 198 1751 Ι,
226 1704 266 1751 4,
299 1705 351 1744 19
382 1713 548 1755 quoque
574 1699 750 1755 legitur,
778 1697 853 1742 ubi
881 1697 919 1741 is
950 1700 1024 1750 est,
1054 1711 1180 1752 quem
1208 1711 1335 1753 quum
1361 1699 1408 1742 in
1434 1699 1558 1744 litore
1585 1702 1700 1743 stan-

165 1774 252 1818 tem
280 1772 569 1828 conspexisset
581 1769 823 1816 Alcibiades
848 1769 938 1813 sine
961 1772 1076 1813 metu
1103 1782 1253 1813 navem
1270 1769 1452 1827 reliquit,
1476 1770 1550 1827 qui
1572 1770 1700 1822 idem,

165 1844 240 1900 qui
266 1844 446 1901 legatus,
476 1843 573 1887 ideo
602 1856 687 1886 non
715 1855 808 1886 esse
824 1844 975 1897 potest,
1006 1840 1119 1896 quod
1147 1841 1264 1885 illam
1291 1841 1545 1899 legationem
1571 1843 1699 1887 tertio

164 1914 332 1961 demum
361 1929 473 1960 anno
502 1918 601 1972 post
625 1914 692 1970 (cf.
720 1914 753 1966 Ι,
783 1918 823 1966 4,
856 1916 925 1966 17)
951 1913 979 1957 i.
1004 1927 1039 1957 e.
1066 1926 1151 1957 non
1178 1913 1317 1958 multo.
1335 1917 1564 1971 antequam
1583 1914 1699 1971 apud

163 1987 497 2044 Aegospotamos
526 1989 732 2031 certatum
759 1988 844 2038 est,
874 1998 927 2028 ex
954 1985 1058 2028 Asia
1083 1984 1261 2028 rediisse
1288 1984 1526 2040 Xenophon
1552 1988 1703 2030 narrat

165 2061 210 2101 et
236 2057 477 2102 Alcibiades
504 2058 619 2101 Maio
644 2057 746 2100 anni
772 2060 855 2099 407
887 2055 1076 2099 Athenas
1102 2056 1277 2099 revertit
1304 2056 1376 2111 (cf.
1390 2056 1507 2101 Aem.
1520 2056 1699 2102 Mueller

164 2143 207 2185 p.
236 2133 290 2173 22
315 2132 410 2185 sq.)‚
456 2128 729 2185 Negligenter
757 2140 860 2171 sane
884 2126 1001 2171 locus
1031 2129 1076 2170 et
1102 2127 1296 2184 scriptus,
1329 2136 1458 2182 quum
1485 2141 1540 2172 ne
1561 2128 1696 2174 ambi·

164 2203 349 2257 geretur,
378 2200 514 2255 patris
541 2214 694 2244 nomen
721 2199 837 2256 apud
865 2198 1117 2243 alterutrum
1145 2198 1388 2242 addendum
1412 2198 1582 2252 fuisset,
1623 2199 1701 2256 qui

163 2284 255 2315 mos
285 2271 536 2326 scriptorum
553 2270 808 2314 Graecorum
832 2271 879 2313 in
893 2270 1121 2313 Hellenicis
1140 2283 1306 2325 semper
1322 2270 1559 2328 negligitur.
1600 2270 1700 2316 Non

163 2342 301 2387 minus
330 2346 570 2398 suspectum
584 2345 651 2386 est
664 2342 921 2398 Pasippidae
932 2354 1096 2392 nomen,
1116 2341 1154 2385 si
1177 2340 1291 2384 idem
1313 2345 1388 2394 est,
1417 2342 1490 2397 qui
1515 2343 1611 2397 (Li,
1623 2347 1695 2398 32)

164 2427 218 2457 ex
234 2412 553 2459 Lacedaemone
579 2412 740 2471 fugisse
765 2413 956 2470 legimus.
1013 2411 1136 2464 Quod
1154 2425 1252 2456 vero
1264 2411 1559 2458 Hermocrates
1584 2414 1698 2459 inter

162 2485 328 2541 legatos
357 2488 718 2536 commemoratur,
744 2484 792 2528 id
818 2497 959 2528 rerum
987 2483 1178 2537 ordinem
1205 2483 1251 2526 in
1276 2483 1357 2528 hac
1384 2483 1694 2530 Hellenicorum

161 2560 285 2612 parte
314 2555 422 2600 adeo
451 2569 546 2600 esse
559 2555 856 2600 conturbatum
884 2554 1006 2599 nobis
1028 2553 1269 2610 persuadet,
1296 2557 1345 2598 ut
1368 2554 1423 2599 de
1448 2568 1497 2600 eo
1517 2556 1563 2599 in
1586 2556 1693 2601 inte·

160 2640 284 2684 grum
310 2626 572 2671 restituendo
610 2626 700 2670 fere
736 2626 1044 2682 desperandum
1072 2625 1139 2669 sit.
1197 2624 1346 2669 Nonne
1367 2626 1398 2679 1,
1429 2631 1467 2678 1,
1496 2631 1549 2669 27
1580 2627 1692 2671 hunc

159 2698 468 2756 Syracusanum
482 2732 492 2752 ,
521 2699 639 2743 cuius
678 2698 724 2743 in
751 2698 864 2744 bello
886 2696 1243 2755 Peloponnesiaco
1268 2697 1542 2755 gravissimae
1567 2701 1698 2752 erant,

157 2774 303 2828 partes
330 2770 399 2826 (cf.
428 2769 554 2815 Thuc.
579 2770 648 2825 IV,
682 2773 763 2815 158
794 2773 886 2827 sq.)‚
912 2770 958 2814 in
987 2769 1253 2827 expeditione
1279 2769 1481 2814 adversus
1504 2771 1689 2826 patriam

157 2841 352 2901 paranda
378 2845 627 2900 occupatum
651 2842 785 2887 fuisse
812 2842 1047 2888 audivimus
1060 2843 1083 2887 ‘1’
1121 2841 1218 2885 Isne
1245 2841 1303 2886 ad
1326 2841 1452 2887 finem
1476 2842 1686 2898 perduxit,

156 2912 271 2971 quod
296 2913 379 2960 sibi
404 2917 685 2971 proposuerat
711 2928 787 2967 an,
815 2928 863 2959 re
888 2913 998 2959 male
1026 2916 1168 2972 gesta,
1205 2912 1251 2957 in
1278 2912 1501 2961 Graeciam
1526 2913 1685 2960 rediit?
