1929 3200
859 145 1024 194 -⁷11
1083 172 1140 184 ...-

184 296 187 302 ·
224 268 372 323 vituts
391 268 610 318 Alcibiade
637 268 683 316 in
708 267 876 314 vincula
901 265 1100 322 coniecto,
1125 265 1470 313 Lacedaemoniis
1489 265 1609 311 iavet*
1622 271 1762 322 neque

236 342 371 391 multo·
394 346 493 399 post
519 346 573 397 (ξ.
592 346 664 395 32)
678 341 986 400 Passippidm
1015 342 1088 398 qui
1115 341 1307 394 Thasios,
1335 345 1386 386 ut
1401 341 1456 387 ab
1473 355 1618 386 eorum
1631 354 1762 387 causa

235 414 474 474 deficerent,
503 413 693 465 adduxit,
722 427 750 458 a
778 417 950 470 satrape
975 413 1022 458 in
1048 413 1129 459 hac
1154 428 1204 459 re
1229 414 1421 458 adiutum
1448 426 1543 458 esse
1569 414 1759 470 legimus.

226 486 514 535 Nihilominus
553 484 877 543 Tissaphernem
911 489 1063 541 postea
1099 486 1146 531 in
1182 486 1274 530 acie
1310 488 1460 530 contra
1495 485 1762 543 Thrasyllum

234 558 531 608 Atheniensem
558 561 674 603 stare
700 558 888 603 videmus
917 557 966 611 (1,
988 561 1026 609 2,
1059 562 1115 611 6).
1144 564 1148 569 ’
1174 561 1212 614 ξ.
1246 562 1297 601 11
1328 583 1385 593 -
1411 560 1448 613 §-
1476 562 1528 601 19
1557 556 1762 615 proelium

232 630 385 680 navale
414 631 662 688 Cyzicenum
691 630 746 676 ab
786 633 958 674 auctore
993 630 1240 675 brevissime
1273 643 1353 687 pro
1380 629 1558 675 Diodori
1594 632 1639 674 et
1663 629 1761 673 Plu-

234 692 373 752 tax-chi
402 702 751 759 descriptionibus
779 701 1023 759 expositum.
1083 702 1233 758 Itaque
1250 701 1408 745 factum
1422 704 1497 754 est,
1524 703 1574 744 ut
1591 699 1762 745 Schnei—

231 775 361 824 derus
390 778 433 820 ot
461 774 702 819 Dindorfius
729 774 785 818 ad
810 774 852 819 h.
878 774 905 818 l.
935 773 1069 818 multa
1094 772 1165 818 hic
1191 773 1475 825 intercidisse,
1510 772 1686 817 Petsrus
1714 772 1762 817 in
1849 808 1851 810 .

234 850 449 891 comment.
480 847 571 890 crit.
600 861 640 902 p.
669 851 719 888 21
748 846 873 902 plura
896 846 1157 900 transposita
1181 859 1275 889 esse
1301 845 1577 900 suspicentur.
1633 844 1762 899 Equi·

232 918 351 971 dem,
381 917 463 962 'etsi
490 917 662 964 nimiam
691 918 920 963 exilitatem
946 916 1069 962 facile
1096 917 1275 975 largior,
1313 916 1473 961 nullam
1501 919 1644 960 tamen
1670 928 1762 959 rem

233 1001 262 1035 a
285 989 563 1045 Xenophonte
592 990 789 1033 omissam
819 1002 912 1033 esse
939 990 1136 1041 arbitror,
1161 1003 1246 1045 qua
1271 989 1329 1032 ad
1346 988 1677 1044 conjunctionem
1698 1001 1761 1030 re-

232 1071 328 1110 rum
353 1060 690 1118 perspiciendam
719 1074 862 1106 carere
890 1074 975 1105 non
1001 1074 1244 1117 possumus;
1272 1063 1311 1116 ξ.
1328 1064 1380 1103 12
1406 1059 1459 1104 de
1484 1059 1626 1111 rebus,
1653 1071 1763 1115 quae

234 1132 528 1183 Theramenes,
557 1133 803 1187 priusquam
830 1132 887 1175 ad
912 1133 1173 1176 Alcibiadem
1202 1132 1427 1187 navigavit,
1455 1132 1501 1174 in
1517 1130 1693 1174 Euboea
1717 1133 1761 1174 et

230 1202 480 1250 Macedonia
507 1203 640 1259 gessit
670 1201 739 1255 (cf.
770 1202 894 1246 Diod.
926 1203 1037 1256 XIII,
1066 1207 1135 1246 47.
1167 1206 1263 1256 49),
1300 1202 1412 1249 nihil!
1443 1200 1627 1245 afferunt
1659 1199 1759 1244 Hel·

227 1273 377 1327 -lenica,
406 1273 520 1319 unde
538 1286 645 1324 eum,
675 1276 725 1316 ut
737 1272 1045 1331 Thrasybulum
1072 1276 1211 1326 antea,
1239 1274 1284 1317 in
1299 1272 1480 1330 pecnnia
1493 1271 1760 1329 congerenda

230 1348 479 1400 occupatum
506 1344 636 1388 fuisse
663 1344 870 1388 audimus.
929 1345 1066 1396 Quum
1090 1345 1344 1401 Xenophon,
1384 1358 1529 1400 pugna
1555 1343 1759 1399 Abydena
1848 1380 1850 1382 .

231 1415 465 1472 descripta,
494 1419 534 1471 ξ.
566 1421 590 1459 9
620 1416 684 1461 ita
713 1416 892 1460 scribat:
929 1414 1134 1461 ἐντεῦθεν
1162 1412 1277 1474 πλὴν
1303 1412 1617 1471 τεσσεράκοντα
1643 1414 1758 1458 νεῶν

229 1482 357 1531 ἄλλαι
369 1482 477 1542 ἄλλη
501 1482 673 1545 ᾤχοντο
688 1485 754 1530 ἐπ’
771 1482 1084 1544 ἀργυρολογίαν
1105 1485 1192 1541 ἔξω
1212 1490 1292 1531 τοῦ
1310 1481 1649 1544 Ἑλλησπόντου,
1661 1498 1757 1542 pro·

228 1557 372 1603 babile
396 1557 501 1601 mihi
528 1558 705 1609 videtur,
737 1561 828 1601 tum
855 1561 1078 1614 utrumque
1105 1573 1133 1602 a
1160 1559 1295 1603 classe
1325 1557 1576 1609 Alcibiadis,
1606 1560 1656 1600 ut
1685 1569 1757 1612 pe·

229 1629 375 1676 cunis-s
407 1630 645 1686 exigerent,
683 1629 939 1674 discessisse.
997 1629 1120 1682 Quod
1158 1631 1196 1674 si
1230 1630 1456 1685 probatur,
1495 1628 1636 1673 nescio
1673 1636 1757 1683 quo

228 1700 353 1746 modo
385 1700 495 1745 hanc
513 1700 691 1744 Diodori
720 1704 764 1744 et
789 1701 1081 1758 Xenophontis
1113 1702 1441 1758 discrepantiam
1478 1700 1757 1744 conciliemus.

227 1772 289 1817 Ut
316 1772 449 1824 dolus,
478 1786 560 1828 quo
594 1772 829 1817 Alcibiades
856 1773 1212 1818 Lacedaemonios
1241 1773 1453 1830 oppressit
1481 1775 1540 1828 (ξ.
1572 1777 1654 1825 16),
1679 1771 1756 1815 mi-

228 1856 307 1889 nus
335 1843 453 1898 apud
484 1843 804 1899 Xenophontem
833 1848 1066 1900 appareat,
1102 1845 1219 1889 haud
1257 1845 1384 1889 dubie
1422 1844 1525 1889 vitio
1553 1843 1756 1901 epitoma·

226 1916 333 1960 tor-is
359 1919 426 1960 est
453 1916 729 1968 commissum,
757 1917 843 1972 qui,
869 1921 918 1961 ut
946 1931 998 1961 ex
1012 1916 1239 1969 Plutarchi,
1271 1918 1343 1973 qui
1360 1917 1571 1974 permulta
1591 1914 1756 1961 exHel·

227 1986 375 2032 Ionicis
406 1987 573 2042 petivit,
614 1988 745 2032 Alcib.
775 2002 808 2032 c.
837 1993 892 2031 28
929 1989 1198 2045 intelligitur,
1236 2002 1320 2032 non
1349 2002 1487 2045 pauca
1521 1989 1567 2031 in
1603 1987 1756 2032 verba:

227 2052 542 2115 ἀπειλημμένας
574 2055 649 2102 ὑπ’
678 2054 819 2112 (α’πῬ)
847 2055 984 2102 αὐτοῦ
1007 2060 1200 2104 coercuit.
1257 2060 1485 2116 (Cyprian.)
1515 2082 1569 2091 -—
1600 2059 1687 2103 Gur
1712 2060 1758 2103 in

226 2128 366 2172 verbis
395 2124 474 2180 τὰς
500 2131 594 2173 τῶν
618 2126 860 2186 Ἀθηναίων
890 2126 1077 2187 τριήρεις
1105 2126 1239 2183 οὔσας
1264 2131 1440 2182 πλείους
1464 2146 1512 2174 τε
1539 2132 1694 2188 πολλῷ
1729 2125 1758 2188 ἢ

227 2215 446 2257 προτερον
465 2203 519 2255 (ξ.
539 2204 609 2254 17)
637 2201 780 2257 plures
805 2202 1058 2258 interpretes
1079 2202 1304 2255 haeserint,
1333 2217 1417 2259 quo
1433 2202 1760 2256 sintred'erenda,

227 2272 423 2328 equidem
450 2273 589 2316 miror.
647 2272 797 2317 Nonne
822 2273 1094 2318 Theramenis
1114 2278 1159 2318 et
1174 2274 1427 2331 Thrasybuli
1450 2275 1630 2319 navibus
1657 2288 1758 2332 qua*

228 2342 429 2399 draginta
456 2347 512 2398 (ξ.
530 2349 613 2398 12),
644 2345 796 2399 quibus
812 2345 1051 2389 Alcibiades
1079 2343 1305 2390 σὺνπέντε
1316 2340 1505 2403 τριήρεσι
1532 2347 1605 2389 καὶ
1630 2345 1759 2390 ἐπακ-

228 2414 344 2472 τρίδι
381 2428 427 2459 se
468 2414 683 2467 adiunxit,
720 2416 898 2460 classem
939 2416 1238 2461 Atheniensem
1273 2417 1557 2474 quadraginta
1590 2419 1759 2463 navium

228 2490 281 2543 (ξ.
307 2491 353 2542 8)
379 2487 437 2532 ad
461 2501 679 2532 numerum
706 2502 780 2533 sex
809 2492 854 2533 et
881 2490 1095 2547 octoginta
1120 2493 1290 2534 auctam
1317 2503 1410 2534 esse
1435 2490 1614 2547 legimus
1628 2494 1651 2535 i*

364 2558 468 2604 Post
493 2558 574 2604 hoc
600 2559 806 2616 proelium
833 2561 887 2606 de
912 2561 1051 2606 Endio
1078 2561 1231 2619 legato,
1261 2561 1333 2616 qui
1360 2575 1388 2605 a
1412 2561 1759 2606 Lacedaemoniis

227 2629 346 2688 pacis
371 2631 582 2689 petendae
608 2646 738 2676 causa.
764 2633 953 2678 Athenas
978 2633 1132 2678 missus
1146 2668 1156 2685 ‚
1184 2632 1442 2688 cleophonte
1469 2632 1662 2690 inprimis
1687 2645 1760 2678 au·

229 2705 357 2756 ctare,
376 2717 425 2747 re
452 2702 608 2748 infecta
619 2704 804 2757 revertit,
832 2705 937 2749 nihil
951 2705 1068 2762 apud
1082 2704 1401 2761 Xenophontem
1420 2704 1585 2761 legitur.
1643 2705 1761 2758 Quae

229 2773 388 2832 legatio
415 2787 542 2830 quum
569 2789 598 2818 a
634 2775 827 2832 pluribus
855 2776 992 2829 (Diod.
1021 2776 1144 2828 xm,
1189 2780 1258 2819 52.
1289 2779 1357 2820 53.
1417 2775 1553 2820 Schol.
1580 2776 1638 2821 ad
1660 2774 1760 2820 Eur.

231 2845 368 2891 orest.
399 2848 494 2908 371.
526 2849 630 2901 372,
659 2846 813 2891 Justin.
843 2847 891 2901 V,
920 2852 965 2902 4)
990 2847 1199 2892 referatur
1226 2850 1271 2890 et
1295 2847 1385 2891 veri
1412 2847 1529 2892 haud
1555 2848 1761 2895 dissimle

233 2916 310 2971 sit,
336 2915 694 2964 Lacedaemonios
721 2917 886 2965 duabus
909 2919 1108 2977 deinceps
1147 2918 1344 2965 cladibus
1373 2918 1548 2966 affectos
1574 2918 1764 2978 eliquan-
