1929 3200
833 179 1112 227 -18-

212 291 266 334 lis
294 290 544 346 depromsit,
571 304 599 334 a
619 290 961 347 Lacedaemoniis
984 294 1082 346 post
1107 305 1294 348 pugnam
1322 291 1641 348 illamlegatos
1668 305 1743 347 pa-

213 362 273 405 cis
292 362 500 430 petendae
512 355 642 406 'causa
656 362 842 406 Athenas
859 362 1024 406 venisse
1040 367 1093 415 et,
1125 363 1271 407 eodem
1285 361 1541 419 Cleophonte
1564 366 1747 415 auctore,

210 434 364 477 iterum
385 434 629 491 repudiatos
648 447 741 477 esse
757 447 899 476 verum
918 438 1038 477 esset.
1096 433 1320 477 Fluctuant
1340 434 1577 487 ⁴sententiae
1592 446 1735 479 eorum

210 507 285 560 qui
308 507 462 549 nostris
484 506 743 561 temporibus
772 519 841 548 res
860 505 1114 556 Graecorum
1133 505 1404 560 scripserunt,
1432 503 1610 550 Glinton.
1630 504 1744 550 Fact.
1815 501 1822 511 Ἰ

210 576 317 620 Hell.
348 577 403 620 ad
432 591 469 620 a.
502 581 584 620 406
615 580 657 619 et
686 576 732 619 E.
763 575 932 620 Curtius
960 576 1001 618 Π
1032 591 1071 631 p.
1101 580 1204 626 649,
1245 575 1298 618 de
1336 589 1389 618 ea
1429 589 1476 618 re
1504 590 1588 619 non
1625 576 1744 619 dubi·

209 651 317 698 tant,
348 648 434 698 alii,
465 651 512 690 ut
541 647 669 689 Grote
694 646 752 689 IV
781 661 820 701 p.
852 652 935 689 473
949 679 958 697 ,
994 647 1246 702 legationem
1275 647 1391 689 illam
1416 650 1513 701 post
1540 647 1746 701 proelium

214 718 460 774 Cyzicenum
490 717 680 761 Athenas
707 718 880 761 missam
918 732 945 761 a
983 717 1211 761 scholiasta
1233 717 1262 760 1.
1294 732 1327 760 c.
1356 732 1432 773 per
1472 731 1655 761 errorem
1682 731 1746 761 re-

210 791 386 844 petitam
419 803 522 832 esse.
581 789 721 839 Quare
752 788 981 830 cavendum
1012 792 1097 835 est,
1137 802 1190 830 ne
1220 787 1329 831 hanc
1360 803 1524 843 quoque
1552 790 1745 832 lacunam

210 860 462 904 Luconismo
489 859 794 915 Xenophonteo
820 858 1067 919 tribuamus,
1098 862 1145 901 ut
1169 858 1406 911 Volckmar‚
1429 859 1454 902 l.
1486 874 1519 903 c.
1548 874 1589 915 p.
1622 863 1687 902 31.

345 932 410 975 Ex
434 933 508 985 iis,
546 945 655 988 quae
694 935 791 987 post
818 932 1038 974 victoriam
1068 930 1384 974 Atheniensium
1423 932 1469 973 in
1510 932 1613 975 urbe
1651 932 1744 986 ipsa

216 1003 329 1045 facta
366 1018 458 1046 esse
499 1003 732 1058 Xenophon
767 1003 916 1055 refert,
953 1003 1077 1046 facile
1114 1017 1208 1045 eum
1241 1002 1453 1058 intelligas
1500 1002 1744 1046 effrenatam

208 1074 488 1117 multitudinis
511 1073 746 1128 licentiam,
777 1088 885 1130 quae
914 1077 961 1117 ut
988 1074 1033 1117 in
1060 1074 1170 1117 viros
1200 1074 1356 1129 optime
1385 1073 1438 1116 de
1463 1087 1507 1117 se
1536 1074 1632 1130 ipsa
1660 1087 1742 1117 me-

207 1145 312 1187 ritos
340 1146 500 1188 saevire
528 1149 693 1200 posset,
734 1146 861 1187 etiam
888 1146 1075 1200 legitima
1105 1150 1147 1187 et
1176 1149 1444 1188 sacrosancta
1486 1146 1743 1199 reipublicae

206 1218 402 1260 instituta
431 1217 609 1260 illudere
648 1220 691 1260 et
729 1216 958 1272 infringere
987 1216 1191 1268 audebat,
1228 1215 1589 1260 vehementissime
1631 1216 1741 1260 dete-

208 1289 322 1330 stari.
381 1287 444 1330 Ne
473 1287 781 1343 eligarchorum
811 1288 999 1342 quidem,
1040 1287 1191 1341 quibus
1230 1301 1324 1330 eum
1363 1288 1511 1330 ceteris
1537 1288 1582 1329 in
1615 1288 1741 1332 rebus

207 1358 349 1401 favere
377 1358 588 1411 videmus,
622 1358 887 1401 foedissimas
922 1362 1036 1402 artes
1065 1358 1385 1413 machinasque,
1424 1358 1575 1413 quibus
1611 1371 1740 1413 popu-

207 1430 292 1472 lum
321 1430 366 1472 in
392 1429 575 1473 furorem
603 1429 903 1485 compulerunt,
934 1429 1130 1485 detegere
1160 1429 1327 1472 dubitat
1356 1428 1424 1481 (cf.
1450 1443 1558 1484 quae
1583 1430 1616 1481 I,
1647 1434 1684 1482 7,
1713 1434 1739 1472 8

207 1501 260 1544 de
299 1501 558 1543 Theramene
594 1501 783 1543 homines
822 1500 1013 1556 perditos
1054 1501 1110 1543 ad
1147 1501 1457 1544 miserationem
1494 1502 1608 1557 vulgi
1645 1502 1740 1556 plus

207 1574 333 1616 etiam
359 1573 617 1617 incitandam
648 1573 791 1616 dolose
833 1573 1094 1617 subornante
1119 1572 1284 1626 tradit),
1322 1576 1370 1616 ut
1407 1573 1485 1617 hoc
1526 1574 1618 1616 loco
1644 1587 1740 1617 eum

208 1647 457 1688 acerrimum
480 1647 567 1689 veri
597 1646 887 1701 indagatorem
915 1645 1045 1688 fuisse
1071 1645 1243 1700 eiusque
1270 1646 1553 1689 narrationem
1579 1660 1740 1690 summa

205 1715 289 1759 fide
311 1716 482 1772 dignam
506 1730 598 1760 esse
616 1716 886 1772 intelligatur.
917 1716 983 1770 (cf.
1001 1715 1195 1760 Schneid.
1204 1716 1307 1774 ad21,
1326 1722 1363 1770 7,
1378 1721 1405 1759 4
1419 1715 1459 1759 οἱ
1479 1718 1737 1774 στρατηγοί).

207 1788 317 1839 Quid
345 1789 438 1843 ipse
466 1788 520 1831 de
549 1788 693 1831 decem
718 1788 1042 1843 imperatoribus
1070 1788 1240 1839 iudicet,
1268 1788 1478 1833 fuerintne
1504 1789 1567 1833 rei
1593 1803 1736 1842 necne,

209 1873 336 1913 quum
365 1872 415 1901 ex
444 1859 641 1902 universa
669 1860 910 1902 narratione
939 1864 1027 1902 tum
1039 1873 1138 1902 vero
1157 1859 1267 1912 inde,
1298 1860 1412 1915 quod
1431 1860 1563 1903 solam
1578 1859 1737 1917 Euryp-

205 1929 349 1971 tolemi
376 1930 551 1971 miseros
574 1930 700 1972 duces
730 1930 896 1973 fortiter
924 1931 1186 1973 defendentis
1210 1932 1444 1974 orationem
1472 1932 1735 1987 interposuit,

207 2000 311 2044 satis
341 2014 546 2056 apparere
574 1999 676 2044 mihi
701 2000 878 2046 videtur.
923 2000 1097 2046 Utinam
1113 2001 1166 2045 ab
1184 2014 1246 2055 ea,
1275 2015 1359 2058 qua
1387 2001 1503 2046 illam
1521 2002 1738 2047 victoriam

207 2075 250 2113 et
280 2085 387 2125 quae
413 2076 511 2125 post
537 2085 632 2114 eam
673 2074 718 2114 in
736 2120 740 2125 ,
756 2074 860 2116 urbe
896 2074 1011 2116 facta
1048 2079 1164 2124 sunt,
1202 2079 1369 2125 narrat,
1408 2075 1629 2130 diligentia
1655 2088 1740 2119 non

205 2143 450 2185 recessisset
478 2145 521 2185 et
547 2143 811 2197 potissimum
839 2146 884 2187 in
910 2145 1036 2188 rebus
1065 2149 1248 2189 extremo
1279 2145 1379 2189 belli
1403 2149 1594 2202 tempore
1608 2145 1738 2202 gestis

208 2212 416 2267 copiosior
448 2225 540 2255 esse
569 2213 787 2256 voluisset!

343 2281 426 2325 Sed
461 2283 506 2324 in
545 2288 732 2327 extrema
770 2286 920 2339 capitis
961 2287 1038 2329 VH
1081 2288 1263 2330 sectione
1302 2301 1453 2330 novum
1493 2287 1737 2343 exemplum,

208 2366 290 2407 quo
321 2366 447 2406 quam
475 2353 659 2396 breviter
688 2358 731 2397 et
756 2356 933 2398 obscure
969 2357 1103 2399 multa
1140 2357 1185 2399 in
1213 2357 1438 2400 Hellenicis
1468 2359 1739 2413 explicentur,

207 2423 474 2477 intelligitur,
515 2437 598 2466 non
635 2438 806 2479 possum
846 2427 1048 2469 omittere.
1106 2428 1173 2470 Ita
1207 2428 1361 2483 legitur
1400 2430 1447 2482 (I,
1480 2434 1517 2480 7,
1545 2433 1638 2482 35):
1668 2431 1739 2472 καὶ

208 2490 261 2536 ου’
286 2496 440 2551 πολλῷ
463 2490 612 2552 χρόνῳ
642 2490 827 2553 ὕστερον
855 2497 1053 2553 μετέμελε
1080 2505 1172 2549 τοῖς
1194 2493 1435 2555 Ἀθηναίοις
1462 2500 1566 2551 (scil.
1596 2500 1738 2545 decem

206 2566 300 2609 illos
329 2567 455 2610 duces
472 2582 499 2610 a
524 2582 569 2611 se
599 2582 692 2611 esse
725 2569 930 2625 supplicio
960 2570 1158 2623 affectos),
1186 2572 1257 2613 καὶ
1272 2570 1566 2629 ἐψηφίσαντο,·
1582 2571 1739 2626 οἵτινες

207 2634 286 2678 τὸν
316 2638 449 2693 δῆμον
478 2636 763 2696 ἐξηπάτησαν,
792 2638 1016 2697 προβολὰς
1044 2638 1194 2686 αὐτῶν
1224 2640 1333 2686 εἶναι
1370 2648 1412 2688 et
1447 2645 1574 2699 paulo
1603 2645 1736 2699 infral:

206 2700 390 2763 ὕστερον
420 2708 467 2751 δὲ
496 2705 687 2762 στάσεώς
713 2726 833 2763 τινος
860 2713 1110 2770 γενομένης,
1137 2712 1184 2756 ἐν
1210 2705 1236 2769 ᾗ
1259 2715 1476 2769 Κλεοφῶν
1503 2711 1736 2768 ἀπέθανεν,

206 2775 457 2834 ἀπέδρασαν
485 2782 589 2832 (scil.
618 2781 659 2825 οἱ
688 2785 781 2826 τῶν
809 2786 1065 2841 στρατηγῶν
1090 2781 1443 2842 κατηγορηκότες)
1472 2779 1606 2840 οὗτοι,
1632 2790 1736 2845 πρὶν

207 2851 423 2907 κριθῆναι.
482 2851 598 2904 Quae
627 2858 669 2897 et
698 2855 868 2909 quando
898 2855 979 2899 fuit
999 2856 1074 2900 illa
1099 2857 1282 2901 seditio?
1341 2857 1431 2909 Quo
1455 2862 1642 2916 tempore
1665 2874 1735 2905 me-

207 2921 304 2964 farii
333 2926 526 2967 auctores
553 2924 599 2967 in
627 2926 792 2970 vincula
819 2927 995 2970 coniecti
1020 2931 1151 2971 sunt?
1192 2928 1327 2980 Quam
1352 2928 1507 2973 dubiae
1537 2934 1579 2975 et
1604 2932 1736 2976 ambi—
