1929 3200
824 156 1105 204 -10-...

198 264 495 332 Xenophontei
520 275 729 334 leguntur,
754 268 890 333 pauco
920 278 1085 320 tantum
1112 272 1316 333 temporis
1333 273 1556 323 intervfflo
1570 273 1648 328 'abss
1663 273 1732 328 iisj

196 344 307 403 ⁴quas
335 346 592 406 Thucydidis
626 352 814 394 extremo
846 349 917 393 lib.
953 348 1065 394 vm
1085 353 1253 402 narrat,
1289 351 1505 396 seiunctae
1541 350 1629 395 sint
1659 348 1728 404 (ds

114 447 116 449 -
198 419 328 465 Breit.
357 421 416 465 ad
441 422 473 473 Ι,
502 427 539 473 1,
569 426 612 476 1)
644 425 687 466 et
722 423 767 465 in
797 422 1038 465 universum
1071 435 1165 466 cum
1203 421 1271 467 his
1300 423 1513 472 conciliari
1551 415 1729 479 possin&

197 491 322 549 plura
350 492 396 536 in
418 492 539 537 initio
568 493 708 549 operis
736 492 1032 549 Xenophontei
1054 493 1320 539 intercidisse
1343 507 1421 552 pro
1449 498 1565 539 certo
1593 505 1730 539 suma·

195 567 279 610 tur.
337 564 572 622 Xenophon
601 565 711 609 enim
734 564 849 609 haud
878 565 1006 610 dubie
1032 566 1200 611 initium
1237 567 1377 624 operis
1408 566 1476 611 sui
1510 566 1574 611 ita
1611 565 1730 616 imfi-

196 637 290 690 tuit,
317 640 375 690 ut,
401 637 610 692 quomodo
633 652 726 682 cum
751 637 1010 694 Thucydidei
1028 638 1218 683 clausula
1232 639 1486 693 cohaereret,
1513 635 1644 696 plane
1665 638 1730 682 in-

195 708 468 764 telligeretur.
527 709 667 762 Quare
694 710 963 766 epitomatori
977 711 1247 755 tribuendum
1275 724 1369 756 esee
1388 711 1565 764 videtur,
1596 712 1633 757 ei
1650 709 1728 755 ini·-

195 778 301 823 tium
317 779 628 825 Hellenioorum
656 785 831 838 propter
852 781 964 826 hanc
986 782 1182 827 eximiam
1209 780 1459 828 brevitatem
1486 782 1572 828 fide
1590 782 1728 832 minus

195 851 370 908 dignum
397 850 589 896 habetur.

332 922 454 976 Quod
481 923 527 967 in
555 926 581 978 5
613 928 649 968 2.
678 924 888 980 sequitur,
928 938 1013 968 non
1041 925 1179 969 minus
1214 924 1440 982 abruptum
1481 927 1556 969 est.
1624 922 1727 977 Quis

193 994 322 1038 fuerit
346 994 535 1047 Dorieus,
565 1009 650 1038 non
681 996 815 1038 tradit
842 1000 999 1040 auctor.
1048 997 1312 1053 Thucydides
1350 1010 1444 1040 eum
1469 996 1604 1039 Mileti
1631 995 1726 1039 reli·

193 1068 364 1121 querat,
402 1065 638 1121 Xenophon
665 1069 806 1111 autem
835 1081 930 1111 eum
959 1081 1012 1110 ex
1038 1067 1187 1111 Rhodo
1215 1068 1260 1111 in
1288 1067 1605 1122 Hellespontum
1630 1079 1726 1123 pro·

191 1135 348 1179 fectum
376 1136 507 1179 fuisse
533 1137 647 1180 dicit.
703 1137 913 1180 Diodorus
940 1151 993 1180 ex
1019 1138 1225 1192 angustiis
1255 1151 1331 1180 nos
1351 1138 1487 1192 eripit,
1518 1137 1590 1192 qui
1610 1136 1725 1188 XIII,

194 1210 248 1249 38
278 1220 306 1250 a
320 1206 517 1250 Mindaro
546 1207 665 1250 illum
693 1208 751 1251 ad
779 1208 1002 1251 seditiosos
1028 1207 1242 1263 pacandos
1272 1208 1317 1250 in
1330 1207 1526 1251 Rhodum
1553 1207 1726 1250 missum

193 1289 288 1320 esse
315 1280 475 1321 narrat.
533 1276 617 1322 Sed
643 1291 698 1321 ne
726 1278 787 1322 sic
816 1278 984 1334 quidem
1004 1280 1144 1323 omnia.
1172 1278 1370 1335 expedita
1395 1281 1505 1330 sunt,
1536 1277 1676 1333 quod
1661 1290 1725 1321 m

192 1352 401 1404 terpretes
429 1363 515 1392 non
537 1349 743 1400 viderunt,
772 1364 899 1404 quum
937 1351 1350 1407 Thucyd.V111,9e
1381 1350 1620 1394 Mindarum
1646 1349 1724 1392 Mi·

193 1420 325 1465 letum
352 1421 576 1476 navigasse
606 1421 774 1464 scribat.

335 1491 453 1543 Quae
481 1491 581 1535 inde
607 1506 634 1535 a
663 1495 699 1546 ξ.
729 1496 755 1533 2
784 1491 910 1548 legis,
951 1492 1004 1535 iis
1036 1492 1161 1536 facile
1184 1492 1312 1536 fidem
1340 1491 1513 1543 habeas,
1551 1490 1633 1535 etsi
1656 1490 1725 1534 hie

193 1575 361 1619 quoque
385 1563 510 1619 plura
529 1563 641 1606 iusto
670 1563 838 1607 brevius
858 1567 1095 1606 narrantur.
1153 1562 1217 1606 Ne
1247 1563 1385 1606 dicam
1413 1562 1467 1606 de
1494 1575 1626 1618 parva
1643 1561 1724 1605 dis-

193 1634 433 1690 crepantia,
469 1647 577 1688 quae
605 1634 716 1678 inter
742 1633 972 1677 Diodorum
1001 1638 1045 1678 et
1068 1633 1390 1690 Xenophontem
1420 1633 1474 1677 de
1497 1646 1641 1690 pugna
1667 1632 1723 1678 ab

190 1704 517 1749 Atheniensibus
547 1719 641 1748 cum
655 1705 810 1749 Dorieo
830 1706 1051 1749 commissa
1072 1710 1147 1757 est,
1175 1705 1417 1750 addendum
1445 1704 1609 1748 auctori
1625 1697 1724 1749 Hel-

190 1777 420 1821 lonicorum
448 1777 579 1821 fuisse
607 1791 768 1828 censeo,
794 1777 1046 1828 Mindarum,
1076 1791 1204 1832 quum
1232 1777 1433 1821 Dorieum
1458 1776 1542 1820 sibi
1577 1775 1724 1819 adiun-

190 1848 342 1901 xisset,
377 1849 573 1905 Abydum
608 1849 841 1904 profectum
885 1848 1050 1892 hostem
1080 1849 1137 1893 ad
1165 1863 1350 1905 pugnam
1378 1860 1627 1904 provocasse
1656 1845 1722 1899 (cf.

192 1920 386 1977 Krueger
410 1920 468 1964 ad
487 1918 609 1963 Dion,
639 1919 733 1963 Hal.
765 1919 873 1963 Hist.
901 1935 942 1976 p.
975 1922 1085 1974 284).
1119 1946 1172 1952 —
1199 1923 1236 1974 ξ.
1270 1923 1295 1963 5
1326 1922 1369 1963 et
1399 1924 1423 1962 6
1449 1931 1592 1975 pugna
1614 1917 1723 1975 Aby-

191 1991 303 2036 dena
329 1991 433 2035 satis
459 1990 642 2034 dilucide
670 1994 714 2033 et
742 1991 910 2046 copiose
939 1992 1184 2047 explicatur.
1241 1994 1279 2045 ἓ.
1308 1996 1332 2033 9
1360 1991 1612 2035 brevitatem
1639 1988 1722 2032 Xe-

191 2062 419 2119 nophontis
446 2062 513 2106 vel
540 2061 732 2105 fraudem
757 2062 1046 2118 epitomatoris
1075 2062 1343 2106 vehementer
1368 2060 1722 2116 reprehendimus.

192 2134 404 2187 Quidnam
430 2134 559 2176 movit
580 2133 914 2189 Tissaphernem,
941 2134 1050 2176 utin
1063 2133 1337 2184 Alcibiadem,
1366 2146 1450 2187 quo
1467 2131 1605 2175 adhuc
1624 2131 1723 2175 ami-

193 2209 361 2253 cissimo
384 2221 486 2250 usus
515 2209 619 2257 erat,
647 2209 822 2261 repente
846 2210 935 2248 tam
951 2205 1162 2249 hostiliter
1178 2208 1354 2261 ageret?
1384 2204 1530 2259 Neque
1557 2204 1722 2248 omnino

193 2293 246 2324 ex
272 2278 565 2334 Xenophontis
593 2277 781 2321 historiis
805 2291 969 2333 semper
995 2278 1121 2332 plane
1149 2276 1343 2334 cognosci
1372 2279 1551 2331 possunt
1577 2275 1723 2318 Persa·

191 2364 307 2404 rum,
337 2351 410 2406 qui
430 2349 691 2406 temporibus
716 2348 823 2392 adeo
853 2362 1018 2404 semper
1053 2347 1358 2400 inserviebant,
1388 2347 1579 2399 consilia,
1617 2360 1723 2401 quae

192 2421 351 2466 fuerint
380 2433 546 2476 quoque
570 2423 761 2476 tempore
777 2422 820 2462 et
843 2419 946 2474 quid
974 2419 1266 2475 spectaverint.
1322 2417 1414 2470 Hic,
1439 2422 1488 2461 ut
1505 2431 1627 2462 nemo
1641 2431 1724 2461 non

194 2521 315 2567 operis
340 2520 581 2557 constituerat
610 2518 668 2562 (V,
697 2517 765 2562 26).
813 2517 932 2562 Quare
961 2517 1042 2553 finis
1073 2515 1310 2561 supplementi
1338 2527 1411 2552 non
1439 2516 1534 2551 idem
1566 2526 1646 2552 esse
1674 2515 1725 2552 vi·

191 2582 309 2625 detur,
331 2580 393 2627 qui
415 2579 498 2616 libri
522 2577 670 2615 secundi
693 2577 959 2623 Xenophontei,
988 2577 1026 2614 id
1050 2577 1146 2624 quod
1169 2577 1287 2613 adhuc
1318 2576 1384 2613 viri
1415 2576 1511 2613 docti
1542 2576 1724 2613 existima·

191 2643 292 2687 bant,
313 2640 378 2678 sed
402 2642 431 2683 ς.
460 2640 503 2674 10
527 2639 657 2687 capitis
680 2638 713 2684 3,
733 2638 816 2674 libri
841 2640 877 2674 ΙΙ
900 2639 997 2674 illam
1016 2639 1174 2683 priorem
1199 2642 1338 2683 partem
1363 2637 1509 2683 claudit,
1537 2637 1634 2673 unde
1659 2647 1724 2673 no-

192 2714 276 2741 vum
304 2710 395 2746 opus
422 2699 617 2737 exorditur.
665 2698 769 2744 Quod
796 2698 1028 2736 confirmatur
1052 2702 1182 2735 natura
1205 2698 1303 2735 illius
1325 2698 1455 2743 prioris
1483 2697 1598 2743 partis
1622 2708 1645 2735 a
1659 2707 1724 2735 no-

191 2764 248 2800 bis
277 2761 330 2798 ita
360 2759 660 2804 circumscriptae.
706 2758 896 2795 Accedunt
914 2759 1048 2795 multae
1074 2758 1244 2804 rationes,
1266 2757 1362 2793 unde
1389 2760 1572 2793 auctorem
1593 2756 1633 2792 in
1654 2756 1725 2792 hac

191 2823 298 2867 longe
323 2820 429 2857 aliter
449 2819 694 2856 narrationem
723 2823 831 2864 atque
859 2819 897 2855 in
932 2829 993 2860 ea,
1031 2828 1125 2864 quae
1152 2817 1237 2854 inde
1271 2827 1294 2854 a
1315 2815 1370 2862 11,
1403 2816 1441 2862 3,
1472 2816 1516 2850 10
1551 2815 1727 2862 sequitur,

191 2886 296 2928 parte
317 2878 519 2916 instituisse
542 2878 772 2915 manifestum
795 2882 860 2915 est.
905 2877 986 2923 Qua
1017 2877 1062 2915 de
1084 2888 1126 2914 re
1149 2877 1330 2914 subtiliter
1353 2879 1464 2922 agunt
1486 2875 1669 2912 sectiones
1687 2874 1725 2911 11

198 2947 239 2980 et
263 2942 321 2978 111
344 2940 611 2977 dissertationis
634 2940 777 2977 Aemilii
800 2939 979 2976 Mueller-i.
1683 2948 1687 2951 ·
