1929 3200
831 163 1083 207 ..4-

192 281 237 324 et
261 277 447 324 moribus
477 280 554 331 est,
582 277 892 335 philosophiam
921 277 967 321 in
987 291 1108 322 suum
1134 290 1256 323 usum
1287 279 1552 329 convertisse.
1597 276 1720 331 ,Quod

191 350 486 408 reputantibus
514 348 648 401 nobis,
677 348 843 405 qualem
871 349 964 404 ipse
990 350 1037 392 in
1057 348 1402 395 Memorabilibus
1432 354 1477 395 et
1504 348 1721 408 Symposio
1809 373 1815 378 ·

192 425 235 466 et
263 422 430 477 qualem
455 416 577 464 Plato
604 420 648 463 in
678 420 856 475 dialogis
886 420 1119 475 sapientem
1146 420 1264 463 illum
1290 422 1463 475 eiusque
1488 420 1721 464 doctrinam

191 494 322 539 fuisse
349 493 620 547 tradiderint,
657 491 774 537 haud
811 491 993 536 alienum
1032 491 1256 539 videbitur.
1323 492 1391 537 En
1417 491 1572 546 habes,
1607 489 1721 549 quod

192 565 246 610 de
275 564 566 622 Xenophontis
594 577 734 608 rerum
762 563 979 620 scriptoris
1007 563 1175 621 ingenio
1204 564 1467 608 sentiendum
1493 565 1568 608 sit!
1596 563 1722 606 Nam·

192 653 273 693 que
292 638 469 682 eandem
493 638 623 681 animi
647 636 843 688 indolem,
872 650 958 691 qua
981 636 1202 688 adductus,
1230 637 1545 691 quaestionibus
1558 633 1721 681 altioris

191 712 234 753 et
272 707 526 753 sublimioris
565 709 742 751 naturae
783 705 1007 762 neglectis,
1057 707 1163 751 nihil
1200 708 1431 764 appetebat
1461 708 1544 751 nisi
1569 721 1637 751 res
1664 703 1722 749 ad

191 794 449 832 communem
479 780 590 823 vitae
617 793 738 822 usum
767 779 1047 834 pertinentes,
1088 780 1215 822 etiam
1239 781 1285 822 in
1312 781 1439 824 rebus
1468 779 1721 823 Graecorum

190 852 424 896 scribendis
451 866 555 907 prae
594 865 639 895 se
675 850 768 894 fert.
836 850 918 903 Qui
952 851 1064 895 vitae
1102 850 1366 904 felicitatem,
1408 865 1631 904 summum,
1674 851 1722 891 ut

190 924 408 982 opinatur,
436 924 593 968 bonum
620 922 779 967 homini
818 922 1117 979 expetendum,
1155 923 1326 980 assequi
1355 923 1515 977 studet,
1553 923 1591 966 is
1620 921 1720 965 deos

189 997 385 1054 religiose
402 997 607 1049 venerari,
638 995 942 1052 cupiditatibus
964 999 1215 1053 temperare,
1243 997 1389 1041 virtuti
1409 995 1719 1046 adhaerescere,

189 1070 235 1114 in
262 1084 405 1114 omnes
435 1073 571 1122 arteS,
601 1083 710 1125 quae
739 1082 892 1126 corpus
923 1082 1094 1122 sanum,
1133 1083 1279 1113 sanam
1312 1072 1493 1113 mentem
1527 1067 1720 1118 reddunt,

189 1141 432 1186 incumbere
470 1141 618 1191 debet,
656 1144 705 1183 ut
741 1141 816 1184 illa
853 1140 1073 1195 praeclara
1105 1141 1233 1184 animi
1269 1142 1463 1196 vitaeque
1501 1140 1723 1184 concordia

190 1216 521 1268 concentusque,
562 1211 679 1256 cuius
724 1212 816 1267 ipse
853 1215 946 1256 erat
982 1213 1185 1269 optimum
1212 1213 1465 1270 exemplum,
1506 1211 1721 1256 efficiatur.

190 1285 309 1330 Haec
338 1298 500 1329 summa
532 1283 621 1328 fere
660 1287 725 1327 est
754 1284 844 1327 eius
871 1283 1164 1340 philosophiae
1192 1298 1269 1342 per
1305 1298 1447 1328 omnes
1476 1285 1565 1328 eius
1591 1283 1722 1328 libros

191 1356 381 1401 diffusae.
430 1356 571 1411 Atque
598 1355 679 1398 hoc
706 1354 1115 1398 vehementissimum
1142 1355 1348 1408 studium,
1384 1369 1466 1411 quo
1495 1358 1642 1398 auctor
1666 1354 1723 1397 ad

190 1429 354 1474 civilem
379 1430 466 1473 sive
497 1428 678 1473 ethicam
706 1427 1018 1485 philosophiam
1046 1427 1272 1477 ferebatur,
1300 1427 1421 1472 nobis
1436 1428 1490 1472 de
1505 1427 1724 1485 diligentia

190 1503 234 1545 et
260 1500 359 1553 fide,
383 1513 467 1556 qua
493 1513 563 1543 res
593 1512 695 1543 suae
722 1499 876 1542 aetatis
906 1498 1177 1555 conscripsit,
1214 1499 1415 1543 iudicium
1443 1499 1592 1543 laturis
1619 1513 1722 1543 sem-

188 1585 267 1629 per
291 1571 642 1616 considerandum
669 1574 744 1614 est.
803 1570 896 1614 Hac
922 1570 1085 1627 ingenii
1111 1572 1403 1628 propensione,
1432 1586 1515 1627 qua
1542 1571 1623 1616 fuit
1642 1571 1723 1616 Xe-

188 1644 371 1701 nophon,
400 1644 457 1688 ad
486 1658 538 1687 ea
562 1643 775 1698 inprimis,
803 1656 912 1698 quae
942 1643 999 1686 ad
1024 1643 1138 1687 vitae
1166 1658 1288 1687 usum
1316 1658 1536 1699 moresque
1563 1647 1724 1700 specta-

187 1716 304 1770 bant,
330 1715 528 1773 eligenda
540 1717 668 1772 atque
683 1713 818 1759 oculis
833 1713 1106 1768 subiicienda,
1134 1714 1181 1759 id
1197 1719 1311 1761 certe
1326 1716 1493 1772 quidem
1507 1715 1722 1773 probatur,

187 1788 306 1831 illum
335 1791 380 1831 et
415 1789 460 1830 in
488 1787 616 1830 rebus
646 1800 874 1841 earumque
902 1788 1040 1830 causis
1076 1787 1330 1843 indagandis
1355 1789 1724 1844 describendisque

190 1862 234 1904 et
268 1859 315 1903 in
348 1857 589 1903 hominibus
625 1857 904 1915 depingendis
941 1871 1104 1912 verum,
1144 1862 1508 1916 quantumcunque
1543 1862 1724 1917 poterat,

189 1933 397 1974 sectatum
425 1942 520 1973 esse
556 1942 693 1983 neque
729 1928 958 1984 quidquam
986 1943 1081 1971 cum
1108 1928 1259 1972 fraude
1290 1931 1520 1974 occultasse
1549 1935 1625 1974 aut
1647 1931 1724 1974 fin-

188 2001 304 2045 xisse
331 2003 407 2044 aut
435 1999 686 2055 corrupisse.
730 1999 842 2051 Quid
866 2000 1002 2056 magis
1023 2014 1050 2044 a
1064 1999 1355 2056 Xenophonte,
1389 2015 1513 2058 quem
1535 2002 1728 2059 perfecta

188 2070 276 2124 illa,
304 2084 413 2127 quae
440 2074 625 2122 vocatur,
650 2065 951 2130 καλοκάγαθίᾳ
979 2074 1149 2127 praeter
1163 2074 1325 2115 ceteros
1340 2072 1532 2117 floruisse
1552 2077 1595 2118 et
1609 2074 1726 2132 apud

190 2143 297 2187 alios
323 2143 501 2200 legimus
529 2146 573 2188 et
604 2156 657 2188 ex
685 2141 819 2198 ipsius
860 2143 1029 2199 scriptis
1069 2144 1174 2188 satis
1211 2148 1468 2202 compertum
1507 2146 1724 2200 habemus,

189 2214 393 2259 abhorret
430 2215 604 2270 eiusque
640 2213 827 2258 moribus
877 2214 1097 2271 indignum
1134 2215 1301 2261 videtur
1341 2232 1466 2273 quam
1514 2219 1559 2263 in
1596 2218 1724 2264 rebus

189 2286 356 2342 patriae
384 2285 673 2330 describendis
708 2286 897 2330 consulto
925 2286 1098 2330 mentiri
1124 2290 1168 2331 et
1203 2287 1496 2334 dissimulare?
1549 2290 1649 2344 Qui,
1677 2293 1727 2334 ut

190 2356 403 2413 plerisque
430 2370 542 2401 nunc
564 2356 884 2413 comprobatum
909 2360 984 2409 est,
1014 2357 1077 2401 illi
1104 2357 1226 2410 libro,
1256 2372 1379 2415 quem
1394 2360 1447 2404 de
1473 2360 1725 2417 pulcerrimo

188 2429 301 2473 vitae
335 2441 436 2471 suae
473 2428 659 2472 facinore
700 2428 1021 2484 diligentissime
1053 2430 1306 2484 composuit,
1355 2431 1410 2474 ad
1450 2433 1652 2476 maiorem
1686 2433 1737 2476 ei⁴

190 2499 317 2545 fidem
344 2499 460 2556 apud
487 2498 666 2543 lectores
697 2499 1016 2552 conciliandam,
1047 2499 1175 2544 laude
1192 2501 1408 2557 scriptoris
1437 2507 1590 2559 spreta,
1620 2503 1727 2549 The-

189 2571 435 2627 mistogenis
462 2570 715 2627 Syracusani
745 2585 896 2614 nomen
921 2571 1157 2627 inscripsit,
1194 2573 1232 2616 is
1262 2577 1521 2630 quantopere
1550 2576 1728 2633 gloriam

189 2643 292 2689 fidei
340 2642 621 2698 “veritatisque
676 2642 985 2700 concupiverit',
1041 2643 1146 2688 satis
1201 2657 1409 2706 superque
1465 2647 1728 2704 praestitisse

190 2714 366 2758 videtur.

327 2783 421 2828 Hoc
439 2783 704 2841 largiendum
731 2786 807 2837 est,
837 2783 1159 2841 Xenophontem
1175 2784 1256 2830 hoc
1280 2786 1420 2831 studio
1439 2787 1505 2832 ad'
1522 2789 1735 2841 rationem-

189 2856 236 2899 in
270 2855 449 2899 historia
478 2855 704 2900 scribenda
728 2856 973 2901 ineundam*
984 2856 1214 2901 adductum
1245 2870 1356 2911 esse,
1396 2861 1445 2902 ut
1477 2858 1540 2903 ita
1576 2859 1725 2913 dicam,

189 2926 475 2984 augustiorem
514 2929 558 2971 et
605 2941 755 2983 parum
794 2928 989 2986 amplam.
1057 2927 1418 2974 Perlustrantibus
1466 2930 1588 2986 nobis
1629 2930 1727 2977 Hel-
