1929 3200
853 135 1098 179 ...9-

204 250 351 300 bachii
364 252 396 307 ¹)
406 251 583 301 labores
599 250 687 297 sint
701 250 915 306 laudandi,
944 248 1255 309 desperandum
1271 250 1416 294 tamen
1430 245 1607 299 videtur,
1635 243 1743 292 haec

208 325 358 372 verbaz
400 322 508 383 μετὰ
540 324 588 369 δὲ
614 325 754 369 ταῦτα
779 319 836 368 οὔ
871 326 1055 376 πολλαῖς
1091 317 1266 381 ἡμέραις
1297 317 1483 380 ὕστερον
1518 311 1654 379 ἦλθεν
1694 318 1743 374 ἐξ

207 392 407 456 Ἀθηνῶν
434 393 687 455 θυμοχάρης
712 395 826 454 ἔχων
854 397 963 448 ναῦς
990 391 1156 453 ὀλίγας·
1183 395 1255 438 καὶ
1280 390 1416 447 εὐθὺς
1442 387 1743 453 ἐναυμάχησαν

209 461 341 522 αὖθις
363 464 701 526 Λακεδαιμόνιοι
724 468 796 512 καὶ
821 464 1064 526 Ἀθηναῖοι,
1106 467 1307 525 ἐνίκησαν
1336 467 1384 510 δὲ
1409 461 1746 523 Λακεδαιμόνιοι

208 536 446 599 ἡγουμένου
460 531 796 598 Ἡγησάνδρίδου
824 551 919 584 cum
935 540 1075 591 rebus,
1106 553 1212 595 quas
1226 531 1482 595 Thucydidis
1496 539 1543 582 in
1555 541 1744 583 extremo

208 615 357 659 octavo
387 612 497 659 libro
525 615 693 665 narrat,
730 615 820 657 tam
849 614 966 656 arcte
995 611 1205 670 colligare,
1233 614 1282 656 ut
1308 624 1359 656 eo
1392 610 1487 668 ipso
1511 610 1620 664 loco,
1658 622 1743 668 quo

209 684 475 742 Thucydides
504 684 704 736 substitit,
731 682 969 740 Xenophon
995 683 1113 728 filum
1140 684 1394 728 narrationis
1421 683 1637 739 excepisse
1663 695 1743 728 nec

210 757 440 814 quidquam
464 756 798 813 praetermisisse
811 752 1015 800 videatur.
1076 755 1167 808 Quo
1195 755 1461 801 referendum
1485 758 1552 800 est
1566 750 1672 812 μετὰ
1693 753 1743 798 δὲ

208 829 371 874 vaura?
429 826 551 882 Quod
577 826 743 872 initium
770 826 988 872 obscurius
1004 839 1097 872 esse
1124 828 1290 884 potest?
1318 828 1460 870 utrum
1479 825 1537 871 ad
1558 838 1745 884 pugnam

211 901 327 957 apud
355 901 610 956 Cynossema
638 900 781 949 (Thuc.
808 900 920 952 VIII,
952 903 1049 953 104)
1078 914 1136 943 an
1161 900 1218 943 ad
1244 899 1477 943 Alcibiadis
1503 900 1550 943 in
1572 898 1744 943 Samum

208 972 293 1017 iter
317 970 462 1026 (Τὴιιο.
493 970 603 1025 VIII,
624 975 722 1025 108)
752 973 948 1028 spectat?
976 984 1033 1014 an
1058 970 1116 1014 ad
1139 983 1336 1027 pugnam,
1366 983 1452 1026 qua
1473 969 1587 1013 idem
1605 969 1744 1027 Hege-

210 1042 436 1087 sandridas
462 1042 789 1099 Thymocharem
816 1055 949 1098 prope
960 1041 1179 1086 Euboeam
1204 1041 1306 1085 vicit
1336 1040 1482 1092 (Thuc.
1509 1040 1623 1093 VIII,
1639 1040 1743 1093 sm

211 1114 359 1171 Neque
385 1114 529 1170 liquet,
559 1127 644 1170 quo
673 1113 938 1158 referendum
961 1114 1018 1157 sit
1044 1105 1193 1165 αὖθις,
1224 1127 1310 1168 qua
1345 1126 1445 1157 voce
1472 1112 1590 1157 haud
1616 1112 1744 1157 dubie

210 1186 467 1231 contrarium
494 1185 656 1241 aliquid
686 1184 947 1243 significatur
961 1217 971 1237 ,
1006 1184 1257 1241 praesertim
1286 1198 1414 1240 quum
1439 1184 1569 1230 verba
1606 1181 1743 1242 ἐνίκη-

211 1267 292 1301 σαν
320 1257 368 1300 δὲ
385 1250 720 1313 Λακεδαιμόνιοι
747 1259 987 1311 sequantur,
1017 1269 1126 1311 quae
1149 1257 1229 1299 vix>
1243 1256 1301 1300 ad
1329 1257 1458 1300 aliam
1476 1269 1568 1300 rem
1594 1255 1744 1299 referri

209 1331 389 1387 possunt
417 1341 543 1385 quam
567 1327 623 1372 ad
648 1327 867 1384 proelium,
897 1340 981 1384 quo
1009 1327 1228 1371 Mindarus
1256 1327 1385 1384 paulo
1424 1330 1525 1371 ante
1552 1327 1742 1371 devictus

210 1404 286 1445 est.
344 1400 512 1445 Absunt
538 1402 760 1456 praeterea
787 1412 931 1443 omnes
953 1399 1155 1456 temporis
1197 1403 1241 1443 et
1267 1399 1370 1451 loci,
1410 1412 1494 1454 quo
1530 1404 1744 1444 certamen

212 1472 391 1517 alterum
417 1472 529 1516 inter
557 1469 886 1528 Thmocharem
914 1473 958 1515 et
974 1469 1342 1528 Hegesandridam
1371 1470 1636 1515 commissum
1664 1473 1743 1523 est,

214 1544 452 1588 notationes
477 1547 710 1588 accuratae.
752 1540 905 1595 'Quum
933 1546 1075 1587 tamen
1103 1543 1449 1587 verisimillimum
1488 1543 1568 1591 sit,
1604 1543 1741 1587 Xeno-

209 1615 410 1673 phontem
435 1614 691 1671 Thucydidis
719 1627 835 1670 opus,
862 1615 1190 1667 commentariis,
1223 1628 1328 1670 quos
1356 1614 1429 1658 ille
1461 1614 1655 1670 reliquit,
1697 1614 1743 1658 in

209 1686 410 1731 auxilium
437 1686 608 1735 vocatis.
637 1685 904 1730 continuasse
913 1688 946 1741 ²)
979 1690 1022 1730 et
1053 1700 1181 1742 quum
1208 1700 1299 1738 res,
1330 1699 1439 1742 quae
1477 1685 1598 1730 initio
1636 1684 1738 1730 libri

347 1840 375 1885 ¹)
419 1841 639 1893 Breitenb.
661 1840 772 1885 praef.
796 1841 887 1878 Xen.
909 1840 1003 1877 Hell.
1029 1841 1079 1886 (in
1103 1850 1170 1878 sua
1196 1840 1377 1886 editione).

247 1950 249 1952 ι
346 1900 374 1944 ²)
421 1900 635 1946 Xenophon,
660 1910 752 1947 quae
776 1900 815 1936 in
830 1900 983 1936 historia
1005 1909 1137 1946 graeca
1159 1905 1294 1945 narrat,
1319 1900 1439 1936 omnia
1459 1905 1524 1936 aut
1548 1900 1652 1937 testis
1679 1904 1743 1936 aut

211 1972 272 1997 ore
297 1962 501 2007 aequalium
528 1962 660 1998 certior
694 1962 810 1998 factus
833 1962 931 1998 haud
963 1961 1071 1998 dubie
1100 1967 1233 1999 narrat.
1279 1962 1394 1999 Valde
1426 1962 1622 2007 incertum,
1654 1972 1742 1998 num

210 2021 296 2070 quid
319 2033 366 2059 ex
389 2022 549 2068 Cratippi
574 2021 676 2059 libris
698 2022 874 2069 petiverit,
893 2022 955 2069 qui
979 2022 1199 2070 Thucydidis
1224 2022 1386 2070 aequalis
1412 2031 1502 2069 opus
1527 2022 1605 2060 eius
1627 2020 1675 2059 ad
1698 2031 1743 2058 ea

212 2078 325 2129 usque
349 2087 523 2128 tempora,
546 2083 679 2128 quibus
703 2083 828 2118 Conon
854 2091 945 2127 opus
970 2082 1108 2127 patriae
1131 2083 1341 2129 profligatas
1367 2084 1498 2129 erexit,
1522 2083 1742 2120 continuavit

211 2153 279 2181 nec
302 2143 419 2179 minus
443 2142 530 2187 quid
558 2142 709 2179 Philisto
737 2141 980 2189 Syracusano,
1006 2142 1070 2189 qui
1094 2153 1155 2180 res
1170 2142 1370 2180 Siculorum
1395 2143 1539 2189 scripsit
1560 2143 1599 2180 in
1620 2142 1665 2180 iis
1688 2142 1741 2179 lo-

211 2203 276 2251 cis,
299 2204 361 2250 qui
385 2203 430 2240 de
454 2202 574 2239 Sicilia
604 2202 643 2238 in
669 2202 865 2239 Hellenicis
889 2206 991 2249 sunt,
1021 2204 1175 2241 maxime
1205 2205 1252 2241 ab
1285 2205 1519 2250 epitomatore
1551 2204 1740 2251 corruptis,

211 2265 349 2302 debeat.
394 2264 521 2310 Neque
546 2263 769 2309 exploratum
784 2263 970 2309 habemus,
994 2264 1137 2301 illorum
1149 2265 1261 2302 libros
1274 2265 1518 2312 Xenophonti,
1539 2265 1601 2312 qui
1615 2276 1741 2303 eorum

210 2325 321 2369 aetati
343 2333 477 2370 suppar
494 2324 572 2369 fuit,
595 2328 701 2360 notos
723 2324 835 2360 fuisse
861 2324 919 2369 (of.
943 2325 1139 2363 Volckmar
1163 2326 1354 2363 Comment.
1390 2326 1435 2363 de
1457 2327 1621 2373 Xenoph.
1645 2326 1738 2364 Hell.

212 2385 367 2431 Gotting.
393 2384 480 2419 1837
505 2394 538 2430 p.
565 2384 634 2430 19).
682 2384 753 2421 Sed
775 2395 849 2421 non
872 2384 943 2421 iam
971 2384 1206 2423 dubitandum
1232 2391 1297 2433 est,
1321 2386 1407 2433 quin
1430 2386 1468 2423 in
1491 2387 1613 2433 priore
1636 2391 1739 2434 parte

208 2440 475 2482 Hellenicorum
499 2445 772 2481 commentarios
796 2456 819 2481 a
841 2445 1051 2492 Thucydide
1074 2446 1237 2491 relictos,
1267 2457 1358 2493 quos
1381 2446 1614 2493 Scaptesulae
1651 2458 1738 2484 nac-

207 2510 268 2543 tus
291 2515 373 2543 esse
400 2505 527 2552 fertur,
550 2509 696 2543 secutus
720 2505 780 2551 sit,
803 2517 874 2552 qua
897 2517 937 2543 re
960 2507 1111 2543 multum
1138 2506 1225 2544 fidei
1249 2508 1327 2544 eius
1358 2508 1558 2545 narrationi
1573 2509 1740 2551 accedit.

208 2565 264 2603 De
286 2565 356 2603 hac
378 2575 419 2602 re
442 2566 551 2603 toties
569 2569 765 2603 retractata
787 2566 958 2612 inspicias
973 2577 1027 2613 ea,
1051 2577 1145 2613 quae
1157 2568 1354 2604 Volckmar
1367 2576 1401 2613 p.
1418 2568 1733 2614 9—14‚Breitenb.

208 2624 320 2671 praef.
345 2625 429 2663 edit
451 2635 485 2671 p.
510 2626 558 2672 X,
578 2627 622 2663 K.
646 2627 704 2663 W.
726 2627 892 2673 Krueger
914 2628 1203 2675 Untersuchung.
1223 2628 1312 2664 siber
1334 2628 1400 2665 das
1423 2628 1511 2665 Leb.
1535 2628 1601 2665 des
1625 2629 1740 2675 Thuc,

208 2694 243 2731 p.
260 2684 306 2721 80
328 2684 585 2723 disseruerunt.
630 2686 731 2724 Haec
754 2691 875 2725 tamen
887 2688 1051 2734 quaestio
1075 2688 1233 2724 nondum
1249 2686 1441 2734 profligata
1464 2692 1530 2735 est,
1553 2699 1625 2736 quo
1649 2689 1740 2727 loco·

208 2745 411 2791 Xenophon
438 2757 493 2793 ea,
515 2757 608 2793 quae
631 2751 772 2795 narrat,
807 2758 827 2785 e
851 2747 1069 2794 Thucydidis
1092 2749 1357 2794 commentariis
1385 2753 1509 2795 petere
1532 2749 1673 2788 desinat
1701 2755 1740 2788 et

208 2806 341 2843 nullius
374 2806 587 2844 auctoritate
621 2807 769 2845 adiutus
804 2808 879 2845 suis
908 2808 1041 2846 viribus
1070 2808 1211 2855 ingredi
1243 2808 1413 2855 coeperit.
1474 2808 1513 2847 Si
1532 2809 1738 2855 Xenophon

208 2865 429 2911 Thucydidis
450 2866 647 2912 historiam,
672 2869 940 2905 commentariis
964 2869 1044 2905 eius
1066 2868 1245 2913 adhibitis,
1269 2869 1456 2915 supplevit,
1479 2870 1624 2907 eumibi
1650 2882 1738 2916 quo·

211 2935 282 2972 que
306 2924 407 2963 illum
430 2926 532 2973 sequi
562 2926 746 2965 destitisse
779 2932 1060 2967 consentaneum
1092 2933 1158 2976 est,
1191 2928 1253 2965 ubi
1289 2928 1516 2974 Thucydides
1544 2928 1653 2967 finem
1683 2929 1741 2967 sui
