1929 3200
844 141 1012 187 ...19
1071 166 1129 178 ..-

221 273 330 317 gnae
345 261 448 302 sunt
463 257 667 313 temporis
682 260 829 299 notae.
859 253 915 299 ου’
941 256 1095 311 πολλῷ
1110 251 1257 311 χρόνῳ
1282 249 1463 310 ὕστερον
1481 256 1525 297 et
1542 248 1780 310 υστερονῑ-

222 330 439 387 Gleophon
484 329 585 385 quin
635 341 762 383 quum
792 326 1043 371 Therameni
1087 328 1260 381 eiusque
1307 325 1431 369 sociis
1469 324 1605 386 ‘paulo
1647 326 1749 368 ante

221 402 480 458 Athenarum
504 400 757 443 deditionem
784 399 981 441 alacriter
1013 399 1295 449 obniteretur,
1336 397 1544 452 supplicio
1572 385 1747 440 affectus

222 475 298 526 sit,
336 475 511 530 propter
547 471 701 527 Lysiae
732 473 784 527 (c.
814 471 938 527 Agor.
975 485 1017 526 p.
1048 474 1148 525 451)
1192 470 1476 513 narrationem
1508 471 1747 512 accuratam

221 559 306 589 non
333 548 400 587 est
426 544 611 587 dubium.
670 542 821 597 Verbis
848 543 1002 597 igitur:
1043 538 1232 603 στάσεώς
1259 556 1380 592 τινος
1406 541 1636 597 γενομένης
1662 546 1748 583 tur-

221 616 304 660 bae
327 615 440 658 illius
469 614 670 669 temporis
699 604 839 656 civiles
868 613 1119 658 indicantur.
1188 613 1345 668 Magna
1376 617 1478 655 sane
1512 611 1747 656 obscuritas

221 685 444 731 orationis!
484 684 529 728 Si
553 684 812 728 Callixenum
839 688 1004 727 tantum
1032 684 1232 740 temporis
1272 685 1317 726 in
1344 696 1512 727 carcere
1540 686 1749 727 retentum

223 759 353 803 fuisse
387 756 635 800 incredibile
671 757 856 807 videtur,
894 756 1138 811 priusquam
1173 755 1372 798 iudicium
1405 756 1460 799 de
1504 770 1554 799 eo
1591 755 1749 798 factum

225 832 302 880 est,
334 842 511 884 eumque
539 828 665 884 paulo
701 831 925 883 postquam
954 827 1120 871 vincula
1146 827 1185 869 ei
1213 827 1368 869 iniecta
1396 831 1505 877 sunt,
1534 826 1749 883 aufugisse

224 904 360 957 putas,
388 899 660 956 Cleophontis
678 899 837 942 obitum
864 899 971 942 falso
1000 899 1098 942 huic
1116 900 1294 953 tempori
1321 913 1349 941 a
1372 897 1648 953 Xenophonte
1677 898 1749 940 tri-

224 972 298 1016 bui
321 975 514 1027 apertum
542 975 619 1015 est.
658 971 765 1014 Utut
793 974 867 1023 est,
896 970 966 1013 hic
991 970 1106 1013 locus
1121 984 1275 1025 magna
1288 970 1544 1013 obscun‘tate
1571 969 1748 1013 laborat.

225 1041 450 1085 Praeterea
476 1042 558 1085 hoc
586 1046 652 1084 est
678 1041 1104 1092 animadvertendum,
1135 1040 1433 1096 cleophontem
1458 1042 1503 1083 in
1524 1040 1750 1083 Hellenicis

224 1118 424 1167 tanquam
449 1114 628 1156 hominis
657 1113 772 1155 haud
796 1114 930 1168 ignoti
958 1114 1208 1156 mentionem
1238 1112 1330 1156 fieri
1358 1127 1434 1156 nec
1462 1116 1604 1156 tamen
1632 1111 1749 1166 quid-

224 1197 350 1239 quam
380 1183 433 1227 de
450 1183 595 1237 rebus,
619 1197 724 1238 quas
749 1184 793 1225 in
824 1182 1042 1239 republica
1067 1183 1208 1239 gessit,
1238 1197 1290 1225 ex
1315 1183 1423 1226 libro
1446 1181 1750 1238 Xenophonteo

228 1255 432 1298 audimus.
489 1255 571 1298 Sed
595 1269 719 1309 quam
749 1254 1016 1297 vehementer
1040 1254 1112 1296 ille
1139 1255 1415 1309 reipublicae,
1452 1255 1632 1297 maxime
1655 1254 1750 1297 ulti-

225 1327 303 1370 mis
330 1326 432 1370 belli
461 1326 608 1369 diebus
638 1326 856 1376 studuerit,
888 1326 992 1368 satis
1016 1328 1161 1368 notum
1187 1326 1560 1382 pervulgatumque
1588 1329 1653 1369 est
1679 1324 1748 1378 (cf.

225 1398 357 1441 Meier
386 1398 438 1441 de
467 1398 560 1440 bon.
590 1397 727 1439 damn.
756 1412 797 1452 p.
826 1401 919 1439 218.
948 1399 1070 1450 219.).

360 1469 494 1520 Quam
528 1469 678 1512 callide
714 1468 939 1511 Eteonicus
985 1482 1036 1511 ex
1075 1468 1281 1524 angustiis
1319 1469 1363 1511 in
1391 1467 1497 1512 Chio
1532 1469 1671 1513 insula
1705 1483 1751 1513 se

225 1541 496 1596 expediverit,
523 1541 585 1583 ita
609 1543 755 1582 narrat
782 1543 929 1582 auctor
958 1539 1027 1593 (ΙΙ,
1053 1544 1090 1591 2,
1120 1543 1246 1592 1-7)
1274 1543 1322 1581 ut
1346 1541 1438 1595 ipse
1461 1541 1550 1584 eius
1577 1540 1751 1584 consilio

226 1616 270 1655 et
293 1612 528 1668 prudentia,
557 1625 661 1667 quas
675 1612 850 1655 virtutes
865 1611 1012 1666 quanti
1039 1611 1082 1654 in
1107 1611 1359 1667 imperatore
1373 1612 1596 1656 aestimare
1618 1611 1752 1656 soleat

226 1697 352 1738 saepe
373 1683 571 1732 videmus,
598 1682 829 1724 delectatus
841 1696 934 1725 esse
946 1682 1150 1744 rideatur.
1189 1683 1337 1737 Itaque
1347 1683 1521 1726 Peterus
1542 1684 1750 1726 adductus

225 1758 300 1805 est,
329 1757 377 1796 ut
390 1754 452 1797 illi
481 1766 646 1809 quoque
661 1753 1000 1796 narratiunculae
1012 1754 1135 1804 idem,
1166 1755 1277 1808 quod
1290 1755 1481 1810 inprimis
1506 1755 1551 1798 in
1566 1756 1750 1810 quinque

223 1824 525 1880 posterioribus
549 1824 679 1867 libros
708 1828 874 1867 secutus
905 1828 1017 1867 esset
1043 1824 1291 1880 Xenophon,
1323 1826 1539 1868 consilium
1570 1826 1749 1869 docendi

225 1896 397 1940 subesse
424 1896 679 1950 opinaretur.
737 1895 853 1946 Quae
882 1895 1033 1938 deinde
1063 1896 1116 1939 de
1144 1895 1242 1951 Cyri
1269 1897 1314 1939 in
1344 1897 1676 1941 Autoboesacem
1704 1899 1749 1940 et

224 1966 447 2010 Mitraeum
482 1965 662 2023 perfidia
689 1965 956 2020 eiusdemque
989 1966 1139 2009 itinere
1167 1967 1224 2009 ad
1250 1972 1414 2022 patrem
1444 1971 1744 2024 aegrotantem,

224 2039 336 2093 quod
349 2039 427 2089 bis,
446 2040 591 2094 paucis
608 2039 880 2094 interpositis,
905 2039 1218 2082 commemorari
1237 2044 1351 2083 recte
1371 2041 1581 2092 miramur,
1605 2041 1747 2096 legun-

223 2112 293 2153 tur
310 2109 360 2164 (1,
380 2114 417 2162 2,
450 2113 475 2152 8
493 2113 537 2152 et
552 2113 634 2162 13),
662 2122 713 2152 ea
742 2123 835 2151 cum
864 2110 1015 2152 ceteris
1044 2124 1194 2165 parum
1223 2115 1338 2154 arcte
1360 2112 1586 2155 cohaerent
1612 2125 1747 2167 neque

222 2182 428 2223 immerito
452 2180 659 2235 Cypriano
679 2181 882 2234 reliquiae
908 2181 1151 2235 copiosioris
1175 2182 1230 2223 de
1257 2183 1383 2224 rebus
1399 2183 1622 2225 Persarum
1651 2198 1746 2225 nar—

222 2252 396 2296 rationis
417 2251 471 2295 ab
492 2251 764 2306 epitomatore
784 2251 830 2293 in
849 2250 927 2294 has
957 2252 1175 2307 angustias
1199 2256 1412 2296 coartatae
1427 2254 1622 2297 videntur
1643 2267 1746 2297 esse.

224 2322 410 2366 -Nunc
439 2321 552 2373 (inde
580 2335 608 2363 a
633 2335 724 2376 cap.
745 2322 787 2364 II
813 2335 904 2376 par.
924 2326 994 2372 22)
1023 2323 1185 2365 cladem
1214 2324 1327 2378 apud
1345 2325 1673 2379 Aegospotamos
1704 2328 1748 2367 et

223 2394 391 2436 ultimos
416 2392 624 2435 libertatis
638 2391 956 2434 Atheniensium
978 2392 1080 2444 dies,
1108 2398 1273 2449 tempus
1299 2395 1555 2447 gravissimis
1579 2396 1746 2438 casibus

222 2464 382 2519 pariter
422 2468 550 2518 atque
581 2463 794 2519 generosis
823 2463 1078 2507 facinoribus
1105 2464 1287 2520 insigne,
1317 2465 1466 2507 mirum
1495 2469 1581 2518 est,
1620 2480 1747 2521 quam

221 2535 479 2584 festinanter,
518 2538 566 2576 ut
593 2535 654 2576 ita
680 2534 828 2584 dicam,
861 2535 1059 2588 pervolet.
1120 2535 1259 2586 Quare
1288 2550 1395 2589 quae
1423 2537 1477 2580 ab
1505 2551 1555 2579 eo
1582 2537 1748 2580 exiliter

221 2605 475 2657 afferuntur,
507 2605 563 2648 ad
601 2619 669 2648 res
707 2605 820 2648 illius
859 2606 1013 2650 aetatis
1044 2606 1353 2663 cognoscendas
1391 2621 1475 2651 non
1512 2608 1616 2654 satis
1653 2622 1746 2652 esse

221 2678 360 2720 nullas
386 2678 594 2730 interpres
619 2689 704 2718 non
727 2676 851 2718 videt.
892 2677 1120 2731 Reputanti
1145 2678 1257 2729 mihi,
1285 2679 1492 2731 quomodo
1514 2679 1747 2734 Xenophon

221 2748 317 2792 illas
358 2761 427 2790 res
464 2746 696 2798 describat,
750 2746 803 2790 de
854 2747 1093 2791 tristissima
1129 2748 1270 2800 clade,
1321 2763 1406 2804 qua
1449 2750 1559 2793 cives
1606 2750 1748 2794 affecti

223 2822 331 2871 sunt,
361 2818 546 2875 gaudere
570 2817 717 2874 iisque,
747 2831 855 2873 quae
883 2833 961 2874 par
990 2823 1083 2862 erat
1109 2820 1320 2872 accidere,
1352 2821 1556 2864 accidisse
1582 2822 1749 2877 opinari

222 2890 396 2934 videtur.
455 2889 515 2935 Cf.
543 2890 598 2942 Π,
616 2895 655 2942 2,
678 2895 704 2932 3
732 2890 954 2934 πείσεσθαι
979 2890 1225 2947 νομίζοντες
1242 2888 1313 2934 οἶα
1339 2890 1544 2949 ἐποίησαν
1558 2894 1750 2951 Μηλίους

1477 2960 1541 3005 2*
