1929 3200
0 0 126 25 sesne?
142 0 193 25 νὴ»
212 0 226 15 1·
250 0 266 10 ··

4 27 29 45 ,tf
54 38 56 41 ,
73 28 109 40 *ft*

794 181 1074 225 -17-

168 293 406 350 confugisse
439 294 634 338 audimus
648 326 658 345 ,
698 294 1004 350 Thrasybulum
1041 294 1222 338 fortasse
1262 308 1310 337 re
1345 293 1502 338 infecta
1536 294 1694 340 abiisse

167 364 468 410 conficiendum
495 368 573 408 est.

302 436 382 479 His
406 437 604 490 quinque.
620 435 829 491 capitibus
844 435 1123 490 perlustratis,
1152 434 1252 478 inde
1275 450 1302 479 a
1328 439 1446 479 sexto
1460 436 1692 479 orationem

167 506 400 550 manifestis
429 506 589 550 lacunis
618 506 814 561 vitiisque
842 507 979 549 minus
1014 506 1276 560 inquinatam
1302 507 1534 567 reperimus
1564 510 1692 561 atque

167 581 335 629 auctor,
374 578 445 633 qui
473 577 575 633 quid
604 578 696 632 ipse
725 578 779 621 de
806 578 934 625 rebus
962 582 1006 620 et
1031 575 1269 621 hominibus
1296 577 1518 631 iudicaret,
1554 576 1694 622 adhuc

170 652 293 692 caute
322 649 499 691 reticere
525 648 751 691 videbatur
765 683 775 700 ,
801 649 959 691 maiore
981 647 1164 702 quodam
1192 662 1286 691 cum
1313 649 1442 691 animi
1469 649 1622 692 ardore
1648 651 1694 692 in

168 720 295 764 rebus
324 720 557 764 scribendis
592 720 752 763 versari
783 720 932 774 coepit.
989 718 1285 763 Callicratidae
1322 721 1431 762 enim
1468 721 1693 777 imaginem

168 791 232 834 ita
258 790 469 847 depictam
496 790 696 842 videmus,
725 794 774 833 ut
797 804 932 845 neque
961 790 1190 845 quidquam
1214 791 1477 833 desideretur
1505 796 1549 834 et
1575 793 1694 834 illum

168 861 317 905 ducem
348 875 596 918 generosum
623 865 666 904 et
691 861 962 904 fortissimum
982 861 1256 917 Xenophonti
1291 863 1338 904 in
1375 862 1536 907 deliciis
1564 863 1694 906 fuisse

167 931 290 976 facile
319 938 607 988 cognoscatur.
664 933 748 975 Res
776 933 892 988 apud
915 931 1199 987 Methymnam
1229 936 1272 975 et
1288 933 1519 988 Arginusas
1549 940 1695 989 gestae

168 1003 337 1059 copiose
365 1006 463 1046 sunt
500 1004 742 1058 explicatae.
800 1003 880 1046 Hic
919 1003 1099 1058 primum
1136 1003 1324 1046 homines
1363 1004 1572 1047 orationes
1611 1018 1694 1047 ser-

168 1088 302 1125 mone,
330 1075 402 1130 qui
428 1078 601 1118 vocatur
614 1108 624 1126 ,
661 1078 775 1118 recto
812 1074 1022 1130 longiores
1051 1074 1211 1118 habent
1235 1074 1302 1129 (cf.
1328 1078 1441 1129 'quae
1464 1074 1695 1119 Callicrati·

169 1145 245 1188 das
276 1146 389 1201 apud
418 1146 571 1189 milites
601 1150 643 1189 et
673 1146 766 1188 Chii
780 1146 939 1189 incolas
970 1146 1104 1200 dixit),
1134 1150 1182 1189 ut
1209 1146 1264 1190 ab
1294 1147 1517 1203 exsanguis
1542 1147 1693 1191 oratio-

167 1217 234 1259 nis
270 1218 459 1261 siccitate
503 1218 763 1272 aliquantum
803 1218 1014 1273 respirare
1047 1231 1123 1260 nos
1161 1231 1285 1274 posse
1331 1218 1600 1274 gaudeamus.
1637 1244 1691 1251 —

168 1287 285 1339 Quae
312 1288 381 1332 hic
410 1302 574 1343 quoque
603 1289 738 1332 minus
769 1292 884 1331 certa
908 1289 1029 1332 nobis
1052 1293 1295 1340 occurrunt,
1338 1304 1390 1333 ea
1408 1290 1523 1333 haud
1550 1291 1694 1345 magni

167 1360 365 1403 momenti
392 1360 586 1403 videntur
615 1374 716 1403 esse.
764 1360 924 1403 Nomen
951 1360 1133 1413 Leontis,
1163 1361 1234 1415 qui
1258 1361 1369 1404 inter
1398 1361 1540 1404 decem
1566 1360 1693 1404 Athe-

166 1430 371 1472 niensium
393 1432 665 1486 imperatores
693 1444 720 1473 a
741 1430 1020 1487 Xenophonte
1049 1435 1075 1485 ξ
1093 1436 1143 1474 16
1173 1436 1415 1475 numeratus
1436 1435 1539 1483 erat,
1566 1433 1693 1475 inter·

167 1500 356 1555 pretibus
381 1502 473 1545 iure
498 1506 736 1557 suspectum
762 1502 937 1554 videtur,
967 1502 1078 1556 quod
1107 1501 1278 1545 Diodor.
1306 1501 1427 1554 xm,
1458 1507 1511 1545 99
1537 1507 1580 1547 et
1612 1504 1689 1545 101

166 1585 317 1615 nomen
342 1572 505 1628 Lysiae,
535 1573 646 1627 quod
674 1572 788 1628 apud
811 1572 1129 1628 Xenophontem
1159 1586 1323 1628 quoque
1349 1572 1399 1623 V,
1429 1578 1474 1623 6,
1504 1574 1560 1615 30
1588 1577 1632 1615 et
1658 1574 1692 1624 I,

80 1637 84 1640 ”
168 1648 205 1693 7,
238 1649 259 1684 1
286 1644 543 1695 invenimus,
581 1642 721 1694 habet,
750 1649 794 1687 et
821 1648 968 1688 auctor
988 1643 1298 1688 Hellenicorum
1323 1648 1472 1699 postea
1499 1658 1583 1687 non
1606 1658 1693 1688 am-

165 1714 276 1769 plius
303 1714 474 1758 Leontis
512 1716 764 1758 mentionem
800 1714 914 1758 facit.
973 1713 1019 1758 Si
1056 1715 1172 1759 Leon
1207 1729 1255 1758 re
1291 1729 1391 1758 vera
1426 1715 1507 1757 fuit
1543 1716 1589 1757 in
1618 1730 1692 1758 nu-

164 1798 279 1829 mero
299 1785 340 1828 X
367 1786 685 1843 imperatorum,
715 1799 829 1839 eum,
857 1790 1080 1841 postquam
1108 1801 1202 1830 cum
1228 1786 1397 1830 Conone
1420 1786 1603 1830 Lesbum
1629 1787 1692 1829 fu-

165 1857 250 1913 git,
288 1859 333 1901 in
360 1873 446 1902 una
473 1872 526 1902 ex
554 1863 609 1902 30
637 1859 833 1911 navibuS,
869 1872 974 1913 quas
1002 1859 1143 1902 amisit
1169 1859 1261 1911 ille,
1295 1874 1323 1902 a
1349 1858 1692 1903 Lacedaemoniis

165 1933 334 1989 captum
362 1928 491 1987 fuisse
518 1933 594 1972 aut
616 1929 792 1985 periisse
826 1933 870 1973 et
896 1929 1063 1985 Lysiam
1100 1930 1145 1972 in
1180 1931 1269 1974 eius
1305 1930 1441 1973 locum
1472 1928 1692 1972 suffectum

165 2013 257 2043 esse
281 2005 604 2044 consentaneum
624 2004 699 2044 est.
754 2001 823 2043 Ita
844 2002 958 2043 Aem.
974 2001 1199 2043 Muellerus
1225 2014 1390 2056 quoque
1419 2000 1591 2051 iudicat,
1620 2000 1694 2054 qui

164 2070 242 2115 has
280 2072 478 2115 minutias
513 2071 784 2115 subtilissime
821 2072 1121 2127 pervestigavit
1158 2071 1199 2124 (l.
1228 2086 1262 2115 c.
1291 2086 1333 2126 p.
1365 2075 1447 2123 62).
1506 2070 1552 2114 Si
1589 2070 1692 2114 Era-

165 2142 343 2194 sinides,
382 2144 454 2198 qui
481 2143 593 2186 idem
620 2142 808 2186 Miletum
832 2156 926 2186 cum
955 2142 1125 2185 Conone
1151 2147 1345 2192 venerat,
1379 2155 1548 2198 pugnae
1571 2141 1691 2198 Argi-

163 2214 347 2264 nusensi,
375 2219 422 2256 ut
449 2213 683 2268 Xenophon
711 2214 868 2265 scribit,
897 2214 1098 2265 interfuit,
1125 2213 1348 2256 dicendum
1374 2217 1486 2265 erat,
1525 2207 1619 2255 eum
1647 2213 1692 2255 in

164 2297 248 2327 una
275 2297 328 2328 ex
362 2284 526 2328 duabus
563 2285 758 2337 navibus,
798 2297 906 2339 quae
949 2298 976 2328 a
1005 2284 1175 2328 Conone
1203 2284 1348 2327 Mileto
1383 2284 1538 2326 missae
1562 2283 1691 2326 Lace-

164 2354 405 2407 daemonios
419 2355 663 2412 effugerant,
693 2369 743 2398 eo
762 2356 1012 2410 pervenisse.
1071 2355 1273 2409 Denique,
1304 2354 1425 2409 quod,
1439 2355 1691 2409 interpretes
1757 2411 1765 2419 '

164 2439 248 2470 non
274 2426 667 2478 animadverterunt,
691 2425 926 2483 Xenophon
955 2416 1175 2470 sex'duces
1190 2425 1376 2469 Athenas
1398 2425 1537 2467 redire
1566 2437 1691 2468 ausos

164 2510 256 2540 esse
284 2502 441 2548 narrat,
473 2498 640 2541 Conone
661 2498 849 2548 absente,
878 2498 1156 2540 Protomacho
1185 2503 1228 2540 et
1240 2497 1488 2552 Aristogene
1515 2500 1692 2552 propter

163 2567 308 2624 populi
336 2570 526 2612 timorem
555 2568 735 2613 reditum
762 2567 1067 2625 spernentibus.
1122 2567 1208 2612 Ubi
1236 2567 1407 2611 relictus
1446 2569 1511 2609 est
1537 2565 1691 2610 Arche-

164 2643 352 2684 stratus?
399 2640 521 2692 Quod
550 2644 598 2683 ut
626 2644 883 2696 compertum
909 2639 1158 2692 habeamus,
1193 2639 1249 2682 ad
1274 2639 1426 2694 Lysiae
1454 2642 1559 2680 orat.
1588 2636 1691 2680 XXI

164 2716 188 2764 ξ
208 2716 243 2754 .7
272 2710 515 2767 fugiendum
546 2716 621 2755 est.
677 2711 796 2755 Haec
831 2712 1042 2755 levissima
1070 2711 1240 2766 quidem
1275 2710 1454 2753 fortasse
1483 2709 1689 2759 videntur,

164 2782 239 2826 sed
267 2797 393 2838 quam
430 2782 535 2826 nihil
575 2784 797 2840 diligenter
832 2797 901 2827 res
940 2783 1129 2839 singulae
1165 2783 1210 2826 in
1244 2780 1472 2826 Hellenicis
1507 2780 1689 2836 scriptae

163 2852 260 2906 sint,
290 2854 446 2909 optime
473 2853 771 2898 demonstrant.
828 2853 1124 2898 Vehementius
1153 2856 1299 2897 auctor
1328 2856 1441 2896 esset
1466 2850 1690 2907 reprehen-

164 2923 349 2977 dendus,
378 2926 436 2978 si,
462 2925 574 2980 quod
602 2924 730 2970 schol.
754 2925 812 2970 ad
834 2925 961 2969 Arist.
991 2925 1097 2969 Ran.
1130 2929 1240 2968 1580
1263 2938 1317 2968 ex
1342 2922 1462 2969 libris
1488 2922 1691 2966 Aristote-

1390 2994 1416 3033 2
