1929 3200
831 192 880 198 -
941 166 995 207 43
1056 190 1108 197 -

206 267 353 326 obiter
366 281 415 325 οἱ
436 266 541 325 nasu
566 279 611 323 id
640 263 727 330 fiat,
756 282 805 322 ut
831 263 868 322 si
894 279 948 322 ab
973 280 1021 322 eo'
1047 278 1140 322 loco
1171 276 1348 328 abesset,
1376 276 1421 320 id
1442 276 1621 319 fortasse
1650 280 1736 319 non

206 339 464 396 ἰιιὶι-ιιιὲιιιιιι.
522 351 572 395 In
587 360 731 407 pugna
744 349 1023 393 Mantineensi
1039 349 1232 406 peritiam
1254 349 1341 391 eius
1357 349 1427 390 rei
1437 347 1630 390 militaris
1646 346 1735 390 lau·
1737 357 1740 360 ⁴

210 413 286 468 dist
314 410 423 477 (vn,
441 427 477 476 5
495 411 552 465 20
580 427 622 465 et
645 422 734 472 VII,
753 423 791 471 5,
809 425 866 474 8),
898 421 975 463 sed
1002 421 1095 474 quis
1127 422 1210 462 ιιοιι
1239 421 1435 469 miratur,
1476 419 1589 473 quod
1615 429 1734 473 prae-

205 495 271 539 ter
306 496 422 539 illam
462 494 637 550 gloriam
667 493 772 535 nihil
814 492 962 535 aliud
950 505 995 533 ιιι
1023 504 1073 534 eo
1108 494 1338 534 memoratu
1375 490 1545 545 dignum
1575 489 1733 533 habet?

207 567 271 610 An
300 566 489 610 Ciceroni
510 563 843 620 Epaminondam
872 575 1076 605 summum
1105 566 1147 605 et
1175 562 1398 604 maximum
1426 562 1537 604 inter
1552 560 1734 604 Graecos

204 637 343 685 fuisse,
361 637 517 680 dicenti
543 649 725 690 unquam
754 634 1038 683 crederemus,
1069 633 1105 675 si
1133 646 1185 676 ex
1213 632 1461 675 testimoniis
1488 632 1732 688 Xenophon—

207 696 263 752 tis
297 707 486 763 aequalis
515 707 637 750 nobis
666 706 718 749 de
756 719 805 749 eo
834 704 1107 747 iudicandum
1137 708 1277 747 esset?
1317 703 1362 746 Si
1387 702 1533 746 laudes
1561 703 1735 748 bellicae

205 778 519 834 Epaminondae
547 779 592 820 in
619 776 700 820 hac
725 790 869 831 pugna
896 780 1044 818 tantae
1070 775 1255 826 fuerunt,
1292 788 1374 829 quo
1400 774 1556 817 factum
1585 779 1659 827 est,
1688 776 1736 817 ut

207 862 350 893 earum
377 852 421 892 in
444 862 588 905 pugna
614 847 846 897 Leuctrica,
876 846 988 889 unde
1012 846 1231 889 Thebanos
1259 850 1431 901 propter
1452 843 1628 888 eandem
1645 847 1736 889 -exi-

131 906 138 912 .
206 922 332 965 miam
360 925 505 971 artem,
534 933 660 974 quam
685 919 730 961 in
756 919 846 961 acie
873 917 1119 960 instruenda
1145 917 1230 960 dux
1245 917 1468 972 praestitit,
1500 917 1736 972 superiores

207 993 450 1036 discessisse
464 994 641 1040 constat,
671 989 920 1032 mentionem
948 1001 1031 1030 non
1060 987 1244 1030 faceret?
1275 988 1542 1043 Quantopere
1571 989 1735 1030 animus

205 1064 493 1120 Xenophontis
523 1076 550 1105 a
576 1061 805 1112 Thebanis,
846 1064 894 1102 ut
922 1059 1252 1114 Peloponnesum
1282 1060 1363 1103 sibi
1387 1060 1609 1103 obnoxiam
1642 1060 1736 1103 red—

206 1135 363 1187 derent,
392 1147 440 1178 eo
455 1133 781 1188 irrumpentibus
796 1130 1033 1182 abhorreat,
1063 1130 1160 1173 inde
1174 1134 1303 1185 patet,
1330 1130 1442 1185 quod
1460 1130 1734 1186 Lycomedem

205 1206 411 1249 Arcadem
449 1206 503 1248 de
548 1205 775 1248 ambitione
811 1216 954 1246 eorum
995 1202 1163 1256 copiose
1204 1202 1536 1256 expostulantem
1572 1203 1734 1246 inducit

207 1275 313 1328 (VII,
335 1282 371 1326 1,
398 1281 450 1318 23
476 1281 567 1331 sq.),
595 1280 644 1318 ut
672 1289 764 1318 cum
794 1288 843 1316 eo
870 1274 982 1316 idem
1012 1273 1192 1314 sensisse
1218 1272 1420 1323 videatur,
1452 1279 1495 1315 et
1524 1275 1636 1328 quod
1661 1275 1733 1330 qui

206 1345 417 1391 Thebanis
445 1346 742 1390 obnitebantur
770 1339 1000 1402 κηδόμενοι
1027 1344 1102 1400 τῆς
1125 1339 1459 1401 Πελοποννήσου
1490 1345 1594 1397 (VII,
1620 1349 1658 1397 5,
1690 1348 1732 1400 1)

205 1419 259 1462 ab
294 1432 344 1462 eo
381 1419 662 1475 appellantur.
718 1417 972 1472 Iphicratem
1007 1417 1121 1458 exitu
1156 1430 1178 1459 e
1208 1416 1493 1472 Peloponneso
1522 1417 1732 1462 Thebanis

203 1490 482 1533 intercludere
517 1504 544 1533 a
572 1489 725 1546 populo
748 1490 927 1541 iussum,
965 1489 1081 1532 cuius
1107 1488 1301 1531 virtutem
1332 1489 1511 1543 bellique
1538 1490 1733 1545 peritiam

205 1563 354 1605 ceteris
380 1563 425 1604 in
451 1562 576 1605 rebus
604 1565 822 1616 tantopere
850 1561 996 1603 laudat
1024 1560 1091 1612 (ci.
1121 1561 1310 1615 inprimis
1341 1560 1407 1610 VI,
1438 1566 1475 1611 2,
1508 1565 1560 1603 27
1592 1565 1634 1604 et
1662 1561 1730 1613 VI,

206 1636 242 1684 5,
274 1636 324 1675 51
353 1632 390 1674 εἰ
416 1632 493 1688 μὲν
522 1624 601 1675 οὖν
631 1628 736 1674 ἄλλο
757 1633 902 1682 καλῶς
926 1625 1216 1688 ἐστρατήγησε,
1247 1628 1301 1673 ου’
1330 1632 1478 1687 ψέγω),
1510 1632 1621 1686 quod
1643 1646 1730 1674 mu-

204 1718 304 1747 nere
329 1718 479 1760 parum
506 1704 669 1747 fortiter
703 1703 869 1746 functus
898 1703 1085 1746 homines
1121 1703 1274 1745 invisos
1302 1703 1529 1747 incolumes
1564 1704 1732 1747 domum

206 1774 414 1832 proficisci
438 1789 588 1830 passus
618 1779 702 1827 est,
743 1775 896 1818 acriter
922 1773 1212 1829 reprehendit,
1249 1788 1399 1817 causae
1427 1778 1584 1826 tamen,
1625 1790 1730 1831 quas

204 1839 521 1903 vituperationis
546 1846 690 1898 affert,
729 1861 827 1889 num
864 1847 1035 1901 probari
1071 1847 1254 1902 possint,
1292 1846 1415 1889 valde
1443 1846 1615 1890 dubium
1654 1851 1729 1890 est.

206 1918 274 1975 (cf.
306 1918 434 1962 Grote
460 1917 510 1961 V.
536 1933 577 1974 p.
606 1922 687 1961 497
713 1921 796 1961 not
829 1921 940 1971 154).

337 1989 527 2045 Denique
562 2004 615 2033 ne
655 1991 828 2032 nimium
867 1990 1098 2033 narrationi
1125 1988 1454 2044 Xenophonteae
1487 1989 1531 2031 in
1558 1988 1638 2032 hac
1666 1988 1730 2032 hi·-

206 2061 427 2105 storiarum
458 2063 580 2116 parte
611 2061 844 2105 tribuamus
883 2060 1243 2104 animadvertendi
1281 2064 1378 2103 sunt
1416 2064 1459 2103 et
1496 2061 1730 2116 complures

204 2132 285 2177 loci
318 2133 534 2177 obscurius
570 2133 759 2188 expressi
795 2133 861 2187 (cf.
891 2132 991 2185 VII,
1018 2137 1064 2184 2,
1095 2137 1122 2174 4
1150 2128 1448 2189 προσήνεγκαν
1480 2128 1611 2190 λόγον
1638 2134 1732 2177 τῶν

207 2205 425 2247 Φλιασίων
452 2199 637 2260 φυγάδες
666 2230 720 2237 -
749 2205 924 2259 quibus?
952 2204 1042 2255 VII,
1059 2209 1098 2255 2,
1118 2209 1142 2246 8
1165 2201 1276 2247 κατὰ
1301 2200 1505 2261 κεφαλήν,
1532 2206 1590 2249 ad
1608 2220 1732 2261 quem

203 2277 339 2320 locum
367 2275 418 2319 cf.
442 2275 551 2319 Mori
579 2279 621 2318 et
650 2274 892 2318 Schneideri
921 2276 1235 2328 annotationes3
1272 2275 1374 2327 VII,
1412 2280 1459 2328 2,
1497 2281 1548 2319 18
1576 2272 1731 2333 ἀγορά-

205 2358 366 2398 σαντες,
393 2346 571 2391 Palmer.
602 2347 747 2389 Exere.
777 2362 817 2402 p.
849 2352 901 2389 75
933 2351 976 2390 et
1005 2346 1216 2397 Schneid.)
1247 2351 1300 2397 et,
1330 2347 1463 2401 quod,
1488 2351 1536 2389 ut
1561 2349 1645 2391 iam
1672 2350 1730 2391 vi-

205 2417 351 2472 dimus,
382 2433 507 2475 saepe
534 2419 579 2462 in
606 2418 834 2464 Hellenicis
864 2416 1054 2471 occurrit,
1083 2432 1291 2462 connexus
1319 2418 1430 2462 inter
1451 2419 1637 2474 singulas
1662 2433 1730 2462 res

204 2503 352 2545 parum
378 2494 494 2534 arcte
524 2492 783 2534 constitutus.
841 2491 977 2534 Huius
1006 2491 1171 2546 generis
1204 2503 1332 2532 unum
1369 2493 1534 2532 tantum
1564 2504 1616 2533 ex
1651 2490 1731 2534 hac

203 2562 341 2618 operis
366 2566 488 2618 parte
517 2563 772 2619 exemplum,
813 2562 925 2618 quod
965 2562 1041 2606 sub
1074 2562 1203 2605 oculis
1239 2562 1423 2618 positum
1457 2566 1544 2614 est,
1583 2566 1731 2606 notare

204 2634 307 2677 satis
335 2634 415 2676 sit!
454 2635 579 2678 Initio
615 2635 765 2690 capitis
793 2639 820 2676 4
848 2635 961 2687 (libri
990 2634 1083 2687 VII)
1097 2668 1106 2686 ,
1144 2638 1384 2690 postquam,
1427 2648 1552 2689 quam
1580 2634 1730 2678 callide

203 2704 404 2761 Euphron
432 2705 607 2763 Sicyone
632 2721 772 2750 rerum
797 2707 960 2762 potitus
990 2707 1057 2758 sit,
1089 2707 1323 2762 expositum
1353 2712 1436 2759 est,
1467 2705 1652 2761 Oropum
1673 2706 1728 2750 ab

203 2777 416 2820 exsulibus
443 2781 610 2833 captam
629 2792 722 2821 esse
739 2778 943 2821 audimus.
1001 2777 1083 2829 Qui
1110 2778 1278 2821 fuerunt
1292 2778 1356 2820 illi
1379 2777 1543 2820 exsules
1561 2782 1605 2820 et
1618 2777 1730 2820 unde

201 2852 434 2893 venerunt?
477 2849 691 2902 Quomodo
719 2864 788 2893 res
814 2850 1072 2906 Oropenses‚
1119 2864 1296 2905 quarum
1333 2849 1415 2892 hoc
1441 2852 1605 2892 tantum
1638 2849 1730 2893 loco

200 2920 256 2964 ad
281 2924 467 2976 tempus,
504 2935 586 2976 quo
612 2922 799 2966 Arcades
833 2925 878 2965 et
919 2920 1102 2978 Sicyonii
1137 2926 1305 2977 portum
1333 2920 1550 2976 Euphroni
1584 2935 1729 2964 rursus
