1929 3200
859 144 1141 185 -15—

235 254 353 309 nihil
380 256 537 307 dehac
555 270 604 300 re
624 256 673 299 in
697 255 925 300 Hellenicis
938 260 984 309 1).
1012 253 1078 308 Si,
1119 255 1165 299 id
1192 255 1306 311 quod
1340 268 1483 300 omnes
1511 256 1765 311 interpretes

234 327 395 386 fugisse
421 327 564 375 'video
577 360 588 381 ,
630 326 896 375 Hermocrati
936 326 1156 383 imperium
1204 326 1260 371 ab
1301 326 1546 373 adversaria
1582 325 1767 387 factione

237 400 490 458 abrogatum
518 400 622 451 fuit,
642 400 793 444 mirum
821 398 1010 455 profecto
1035 402 1119 450 est,
1159 398 1272 454 quod
1297 399 1411 443 idem
1436 414 1464 444 a
1489 405 1613 457 parte
1637 401 1766 446 Lace-

239 472 572 523 daemoniorum,
603 485 708 526 quos
738 484 865 526 quum
886 483 1015 514 naves
1043 468 1332 526 Syracusanae
1359 471 1415 515 ab
1439 471 1493 515 iis
1518 485 1604 515 non
1633 473 1766 518 disce-

238 543 398 595 derent,
427 543 555 587 etiam
582 542 637 587 ab
661 541 743 586 hac
770 542 937 586 adiutos
960 554 1054 585 esse
1080 541 1282 594 videmus,
1311 545 1425 586 stare
1444 556 1529 587 non
1553 543 1692 597 desiit,
1718 548 1767 589 ut

237 616 366 660 offlam
400 628 552 658 munus
598 614 823 670 legationis
871 614 911 657 ei
946 614 1303 658 committeretur?
1341 615 1378 657 A
1407 629 1488 669 quo
1526 616 1583 659 ad
1620 630 1767 673 regum

237 687 474 736 missusest
502 699 559 731 an
581 700 659 730 sua
687 689 837 743 sponte
859 685 916 730 ad
943 700 1038 731 eum
1067 685 1311 730 contendit?
1350 685 1543 739 Quantae
1573 687 1767 747 caliginis

237 759 379 803 omnia
405 762 503 801 sunt
528 758 676 814 plena!

371 829 493 874 Nunc
523 830 639 884 (inde
665 844 693 875 a
719 830 753 882 I,
768 833 806 883 4,
827 833 869 882 8)
896 829 1085 873 narratio
1111 828 1401 885 Xenophontis
1430 831 1476 875 in
1495 832 1635 879 reditu
1659 835 1768 881 Alci-

236 900 376 949 biudis
404 901 680 946 describendo
708 901 926 956 aliquanto
954 900 1106 944 laetius
1134 914 1182 944 se
1210 900 1332 945 effert
1363 916 1414 947 ac
1448 905 1680 958 reviviscit,
1720 911 1770 958 ut

238 987 363 1028 quam
388 973 672 1017 memorabilis
702 972 831 1015 fuerit
860 972 963 1023 dies,
994 985 1077 1027 quo
1104 972 1188 1023 ille,
1217 974 1290 1027 qui
1308 988 1561 1019 summorum
1589 976 1770 1034 flagitio-

237 1058 332 1089 rum
367 1047 588 1090 accusatus
633 1044 679 1089 in
716 1043 1124 1089 vehementissimum
1160 1044 1373 1101 quondam
1408 1047 1560 1092 civium
1598 1062 1770 1095 suorum

238 1117 380 1162 odium
406 1117 633 1169 inciderat,
671 1117 825 1160 iterum
860 1116 1056 1160 deiensor
1081 1117 1250 1172 patriae
1291 1122 1334 1161 et
1369 1124 1574 1174 patronus
1599 1122 1645 1165 in
1673 1136 1768 1167 eam

237 1190 458 1234 restitutus
487 1193 564 1242 est,
594 1203 687 1234 cum
715 1188 994 1233 delectatione
1022 1188 1204 1243 quadam
1230 1189 1432 1247 legamus.
1492 1192 1671 1237 Multum
1703 1199 1767 1239 ta-

229 1274 335 1304 men
359 1261 491 1314 abest,
520 1264 569 1304 ut
593 1259 827 1316 Xenophon
855 1259 1061 1314 quidquid
1088 1260 1134 1303 in
1154 1260 1282 1305 rebus
1310 1262 1390 1306 viri
1414 1263 1677 1309 admirabilis
1698 1280 1767 1310 ex-

237 1333 442 1389 ponendis
476 1347 504 1377 a
539 1346 681 1377 rerum
710 1331 914 1387 scriptore
950 1331 1042 1374 iure
1081 1331 1362 1387 postulamus,
1407 1334 1531 1379 nobis
1566 1340 1766 1391 praestet

237 1403 304 1447 Ex
323 1404 462 1456 rebus,
488 1417 594 1459 quas
620 1404 692 1447 ille
719 1406 836 1446 terra
854 1402 1044 1457 marique
1063 1403 1206 1458 gessit,
1233 1404 1392 1447 nullam
1417 1405 1507 1450 fere
1534 1404 1767 1461 memoratu

237 1475 411 1533 dignam
439 1476 589 1530 omisit,
618 1488 857 1532 quanquam
886 1487 981 1518 eum
1005 1474 1051 1517 in
1078 1473 1146 1518 his
1159 1488 1325 1530 quoque
1341 1490 1467 1533 saepe
1482 1478 1595 1523 iusto
1621 1480 1767 1525 ieiuni·

236 1560 352 1591 orem
380 1560 473 1591 esse
502 1547 701 1591 videmus.
759 1545 877 1598 Quae
903 1559 1001 1588 vero
1027 1545 1099 1588 ille
1122 1545 1300 1590 Athenis
1322 1547 1441 1603 ipsis,
1468 1563 1595 1605 quam
1624 1551 1765 1596 civite-

236 1622 323 1663 tem
357 1633 411 1663 ea
437 1618 702 1675 potissimum
728 1620 871 1662 aetate
898 1617 1162 1673 optimatium
1204 1621 1248 1661 et
1274 1619 1540 1674 popularium
1578 1621 1767 1667 discidiis

236 1691 469 1734 miserrime
499 1690 713 1734 turbatam
742 1700 837 1733 esse
863 1689 1034 1733 aliunde
1062 1693 1248 1741 constat,
1285 1694 1329 1734 et
1357 1691 1445 1734 suis
1470 1695 1515 1736 et
1537 1694 1767 1737 amicorum

238 1762 389 1819 opibus
422 1761 483 1807 ad
518 1761 820 1818 rempublicam
854 1760 918 1805 ita
953 1759 1275 1805 instituendam·
1294 1762 1538 1815 contulerit,
1576 1767 1627 1808 ut
1651 1768 1766 1809 metu

236 1833 589 1881 adversariorum·
610 1833 815 1878 liberatus
850 1835 944 1876 tuto
982 1831 1123 1876 redire
1155 1835 1321 1888 posset3
1363 1847 1473 1889 quae
1509 1834 1638 1879 factio
1674 1836 1765 1880 eius

235 1904 418 1950 reffitum
456 1904 661 1962 impedire
695 1908 739 1949 et
774 1917 883 1960 quae
910 1903 1101 1948 obtinere
1133 1904 1362 1957 studuerit,
1401 1919 1511 1961 quae
1546 1910 1593 1951 et
1621 1907 1767 1963 qualia

236 1975 506 2021 consiliavit
528 1975 789 2031 temporibus
822 1975 1078 2019 inserviendi
1098 1976 1285 2019 omnium
1312 1976 1591 2031 peritissimus
1619 1981 1767 2022 contra

237 2045 563 2103 Tissaphernem
586 2050 631 2091 et
654 2045 1022 2099 Lacedaemonios,
1052 2060 1231 2102 quorum
1257 2051 1349 2090 tum
1371 2047 1558 2092 amicitia
1582 2051 1672 2091 tum
1685 2048 1765 2092 ini-

235 2117 397 2165 micitia
423 2117 631 2171 utebatur,
659 2120 827 2162 secutus
844 2117 912 2170 sit,
941 2118 1082 2162 omnia
1105 2117 1181 2162 illa
1199 2118 1255 2162 ab
1273 2117 1769 2164 Hellenicorumauctore

234 2203 290 2237 ne
315 2190 488 2238 minima
518 2189 687 2245 quidem
720 2189 1026 2247 significatione
1053 2190 1307 2235 indicantur.
1363 2189 1505 2243 Quare
1537 2190 1654 2236 haud
1689 2192 1767 2236 im·

235 2262 386 2307 merito
411 2260 678 2308 Schlosserus
706 2260 1128 2314 (Universal-histor.
1155 2261 1329 2305 Uebers.
1359 2266 1438 2306 etc.
1466 2262 1511 2313 1,
1540 2266 1567 2305 2
1595 2276 1637 2318 p.
1668 2267 1769 2315 143)

234 2331 554 2389 Xeuophontem
569 2331 852 2389 reprehendit,
882 2333 998 2389 quod
1021 2347 1132 2390 quae
1150 2332 1278 2377 fuerit
1301 2332 1570 2378 necessitudo
1585 2334 1767 2379 Alcibia-

237 2403 304 2449 dis
329 2414 426 2449 cum
453 2404 623 2449 civitate
649 2403 899 2449 Atheniensi
931 2408 975 2449 et
1010 2404 1218 2460 quomodo
1260 2404 1421 2448 animos
1448 2404 1600 2448 civium
1629 2404 1767 2450 denuo

236 2475 319 2520 sibi
344 2475 591 2529 devinxerit,
618 2476 719 2520 inde
748 2489 802 2520 ex
828 2479 1028 2532 tempore,
1056 2489 1139 2531 quo
1154 2475 1419 2532 Thucydides
1433 2474 1488 2519 de
1514 2489 1565 2519 eo
1591 2489 1768 2521 narrare

241 2546 444 2599 substitit,
473 2560 558 2591 non
584 2546 821 2603 explicavit.
878 2545 1043 2590 Deinde
1070 2546 1173 2603 quid
1199 2545 1435 2603 Xenophon
1469 2546 1563 2602 ipse
1597 2546 1652 2590 de
1685 2546 1769 2594 hoc

236 2618 327 2662 viro
353 2618 521 2674 aequali
550 2618 742 2671 senserit,
769 2632 977 2674 nusquam
1005 2619 1119 2663 dicit.
1174 2619 1304 2674 Atqui
1328 2632 1452 2674 quem
1476 2619 1524 2662 in
1537 2617 1768 2664 Hellenicis

378 2745 406 2787 ¹)
429 2745 532 2781 Diod.
556 2746 658 2791 XIII,
681 2744 726 2780 63
749 2744 903 2791 primum
925 2745 1171 2781 Hermocratis
1195 2744 1367 2790 impetum
1388 2744 1427 2780 in
1454 2744 1608 2791 patriam
1631 2745 1768 2783 frusta

238 2807 447 2851 susceptum
472 2823 514 2831 —
543 2815 572 2840 c.
598 2806 642 2840 ‘15
666 2804 778 2842 eiusd.
801 2804 885 2842 libri
906 2808 1059 2842 mortem
1086 2804 1182 2850 eius,
1205 2814 1312 2851 quam
1334 2804 1374 2840 in
1397 2804 1548 2841 introitu
1570 2804 1764 2855 Syracusa-

234 2862 316 2900 rum
331 2861 442 2910 ¹obiit,
468 2859 730 2901 commemorat.
754 2882 800 2890 —
821 2864 872 2900 ct
899 2868 1090 2910 praeterea
1100 2862 1271 2900 Muelleri
1292 2863 1466 2906 tabulam,
1489 2864 1528 2900 in
1551 2875 1623 2910 qus
1643 2874 1705 2920 res
1727 2866 1766 2901 in

234 2922 305 2960 hee
326 2927 430 2969 parte
455 2923 721 2960 Hellenicorum
745 2928 915 2962 narratas
936 2924 1036 2961 inter
1056 2923 1217 2969 singulos
1239 2932 1353 2959 annes
1380 2923 1530 2970 digessit
1558 2922 1667 2968 (pm.
1676 2923 1697 2960 1.
1711 2924 1764 2969 c.)
