1929 3200
825 151 1102 228 ss22..

197 314 251 343 ex
276 299 383 341 actis
403 298 834 341 Lacadaemoniorum
860 298 1040 353 publicis
1069 298 1192 353 plura
1215 299 1408 343 hausisse
1435 300 1588 343 dicitur
1603 299 1724 348 (Plut.

195 372 318 426 AgeS.
352 374 422 422 19)
453 372 507 420 et,
536 371 586 411 ut
615 383 666 412 ex
691 369 795 425 ipsis
825 367 1053 412 Hellenicis
1075 373 1264 424 apparet,
1290 371 1469 415 maxime
1495 384 1571 425 pro
1599 369 1725 414 Lace-

198 440 431 484 daemoniis
457 440 687 482 lectoribus
716 440 914 482 historias
944 441 1114 494 scripsit
1141 441 1211 492 (ct.
1244 441 1426 484 Volckm.
1456 442 1481 484 1.
1510 456 1544 485 c.
1572 455 1612 495 p.
1641 445 1725 490 36),

195 511 345 555 seriem
375 510 648 566 ephororum,
685 511 794 565 quod
823 524 974 554 munus
1002 510 1079 564 his,
1109 512 1263 566 quibus
1293 526 1393 568 opes
1419 511 1595 567 Spartae
1620 511 1727 555 adeo

193 582 438 632 floruerunt,
468 581 729 636 temporibus
758 595 921 623 summa
951 585 1044 623 erat
1067 582 1284 637 dignitate,
1316 583 1371 625 ad
1395 597 1526 626 annos
1556 582 1726 638 diligen-

196 657 262 696 ter
290 651 604 695 constituendos
633 652 875 694 adiunxisse
904 650 970 702 (cf.
999 651 1142 696 Muell.
1167 653 1193 695 1.
1224 667 1257 696 c.
1286 668 1328 709 p.
1362 655 1444 707 12).

332 724 453 767 Nunc
483 724 714 779 Xenophon
744 723 1069 766 dominationem
1105 725 1465 780 trigintavirorum
1494 723 1727 767 numorabi-

197 797 276 837 !em
303 794 547 848 liberaeque
572 794 831 849 reipublicae
860 795 1166 839 restitutionem
1187 796 1436 852 Thrasybuli
1465 795 1726 851 potissimum

196 879 324 921 opera
352 865 583 921 perfectam
609 869 756 908 narrat
785 870 829 909 et
855 880 955 909 sane
983 870 1060 919 est,
1087 867 1199 922 quod
1230 867 1282 910 de
1310 867 1391 910 hac
1419 865 1726 908 Hellenicorum

194 941 317 992 parte
345 937 468 979 nobis
493 937 852 992 congratulemur,
894 937 1010 980 haud
1037 938 1163 981 dubie
1199 938 1419 994 diligenter
1459 937 1512 980 ab
1540 950 1588 979 eo
1618 950 1725 979 com-

195 1009 347 1064 posita.
408 1007 526 1059 Quae
555 1022 603 1051 eo
630 1008 764 1063 pluris
794 1009 1057 1052 aestimanda
1086 1013 1161 1059 est,
1191 1023 1274 1064 quo
1302 1009 1434 1064 magis
1462 1009 1572 1051 ratio
1600 1008 1727 1051 histo·

194 1081 284 1122 riae
311 1079 559 1122 scribendae
584 1079 872 1134 Xenophontis
903 1082 1077 1135 propria
1096 1080 1195 1122 inde
1223 1081 1327 1123 disci
1350 1083 1500 1134 potest.
1557 1079 1653 1130 Res,
1682 1080 1726 1121 in

196 1151 347 1206 quibus
374 1150 480 1193 haec
520 1150 603 1193 duo
642 1151 783 1206 capita
823 1155 1061 1202 versantur,
1107 1166 1198 1194 cum
1228 1151 1495 1194 Theramenis
1508 1183 1517 1201 ,
1556 1150 1724 1201 Critiae,

196 1221 449 1278 Thrasybuli
478 1223 672 1277 personis
702 1226 818 1265 arcte
847 1226 971 1277 aptas
1000 1236 1288 1277 connexaeque
1312 1222 1451 1272 fuisse,
1479 1226 1527 1265 ut
1553 1223 1616 1264 illi
1640 1235 1723 1264 om·

194 1295 309 1337 nium
335 1294 423 1336 fere
452 1298 645 1337 auctores
684 1298 727 1337 et
760 1295 971 1350 principes
1010 1298 1172 1345 essent,
1213 1295 1304 1349 quis
1357 1298 1421 1337 est
1471 1294 1543 1348 qui
1571 1297 1725 1350 neget?

195 1368 345 1420 Itaque
373 1366 658 1408 narrationem
688 1366 795 1408 adeo
829 1366 1032 1416 instituit,
1064 1370 1111 1407 ut
1136 1380 1270 1408 mores
1299 1368 1342 1407 et
1367 1365 1537 1420 ingenia
1560 1365 1724 1407 illorum

193 1437 408 1480 hominum
434 1438 672 1481 describere
692 1438 832 1493 potius
854 1452 978 1492 quam
999 1438 1239 1481 intestinum
1261 1437 1440 1480 civitatis
1461 1436 1724 1480 Atheniensis

197 1512 364 1561 statum,
404 1509 541 1563 qualis
569 1512 667 1564 post
695 1508 902 1564 Lysandri
929 1509 1143 1552 victoriam
1171 1508 1317 1558 fuerit,
1348 1512 1391 1550 et
1420 1522 1524 1563 quas
1560 1521 1724 1551 conver-

196 1580 334 1622 siones
369 1579 547 1622 subierit
575 1580 785 1634 explicare
812 1580 850 1622 ei
880 1580 1138 1635 propositum
1179 1579 1306 1622 fuisse
1338 1579 1539 1622 videatur.
1598 1575 1723 1622 Plura

195 1649 331 1701 affert,
361 1649 474 1692 unde
504 1662 587 1704 quo
619 1649 745 1693 fuerit
773 1643 940 1706 ingenio
973 1650 1253 1693 Theramenes
1290 1653 1334 1692 et
1364 1663 1447 1704 qua
1476 1650 1722 1700 constantia,

195 1722 462 1777 cognoscitur
490 1721 558 1775 (cf.
577 1722 631 1772 ΙΙ,
648 1726 684 1773 3,
708 1725 781 1773 56)
812 1735 946 1777 neque
974 1723 1109 1765 minus
1137 1722 1182 1765 in
1208 1722 1346 1772 rebus,
1378 1735 1482 1776 quas
1511 1721 1609 1765 belli
1633 1735 1723 1777 ges-

196 1793 262 1845 sit,
293 1793 489 1850 copiosus
519 1796 604 1847 est3
635 1797 775 1837 tamen
802 1794 978 1847 miraris,
1007 1794 1116 1849 quod
1141 1794 1292 1849 quibus
1322 1793 1449 1836 rebus
1480 1796 1523 1835 et
1548 1805 1724 1848 quorum

194 1866 459 1919 potissimum
485 1864 697 1907 hominum
726 1866 918 1920 impulsu,
945 1867 1092 1920 opibus
1122 1866 1480 1921 trigintavirorum
1499 1864 1723 1908 labefacta-

193 1936 260 1989 tis,
289 1935 450 1980 liberae
475 1935 730 1991 reipublicae
758 1935 891 1980 forma
919 1936 1206 1994 redintegrata
1232 1937 1288 1979 sit
1317 1949 1383 1987 ea,
1431 1949 1514 1991 qua
1538 1948 1617 1991 par
1647 1939 1722 1987 est,

195 2007 414 2063 diligentia
441 2007 602 2050 referre
630 2009 773 2050 noluit.
831 2009 984 2051 Decem
1013 2009 1151 2051 Piraei
1179 2008 1425 2051 archontum
1454 2008 1513 2050 ita
1552 2009 1723 2049 mentio·

192 2093 289 2122 nem
317 2078 419 2121 facit
449 2078 525 2130 (II,
555 2082 601 2129 4,
634 2083 705 2128 19)
738 2094 787 2122 ac
817 2081 851 2122 si
880 2094 956 2135 per
984 2093 1028 2123 se
1068 2080 1278 2135 cognitum
1314 2082 1425 2122 esset-
1465 2079 1537 2133 qui
1570 2078 1725 2121 fuerint

192 2153 268 2194 aut
292 2150 386 2206 ipse
414 2150 500 2193 iam
527 2154 743 2193 narrasset
773 2151 824 2194 de
853 2151 975 2194 huius
1004 2152 1186 2194 muneris
1214 2151 1476 2193 institutione
1512 2149 1578 2202 (ci.
1612 2149 1723 2205 Wyt-

191 2222 304 2265 tenb.
333 2225 376 2264 et
407 2221 599 2264 Schneid.
632 2222 688 2264 ad
715 2222 755 2263 h.
783 2223 838 2274 1.).
897 2223 977 2273 Qui
1014 2223 1065 2266 de
1094 2224 1146 2266 iis
1184 2223 1368 2265 nondum
1398 2222 1626 2277 quidquam
1653 2236 1723 2264 au-

193 2293 317 2345 divit,
357 2306 485 2348 quum
515 2292 832 2349 Xenophontem
859 2294 1029 2350 legerit,
1068 2294 1136 2336 vix
1164 2308 1235 2337 eos
1263 2293 1636 2349 trigintavirorum'
1658 2306 1723 2335 as-

192 2366 327 2409 seclas
362 2365 494 2408 fuisse
535 2365 828 2419 suspicabitur.
895 2365 1010 2408 Nihil
1046 2365 1169 2409 affert
1211 2366 1264 2409 de
1301 2365 1723 2409 Lacedaemoniorum

192 2435 349 2488 edict0‚
388 2450 471 2492 quo
500 2449 554 2479 ne
582 2449 664 2491 qua
690 2435 791 2479 urbs
820 2436 983 2479 exsules
1013 2436 1325 2480 Atheniensium
1355 2437 1562 2492 reciperet
1587 2439 1724 2479 vetue-

190 2511 301 2550 runt.
359 2509 481 2550 Diod.
512 2508 618 2559 XIV,
650 2512 688 2549 6.
748 2507 856 2549 Plut.
884 2507 978 2561 Lys.
999 2513 1063 2549 27.
1121 2508 1260 2562 Pelop.
1285 2514 1308 2550 6
1337 2503 1520 2563 (ἁπάσης
1544 2509 1618 2563 τῆς
1636 2501 1724 2548 (Ελ-

191 2574 322 2630 λάδος
359 2575 603 2636 ἀγωγίμους
637 2582 741 2629 τοῖς
770 2572 1007 2633 τριάκοντα
1042 2574 1151 2621 εἶναι
1191 2575 1295 2630 τοὺς
1321 2574 1561 2635 Ἀθηναίων
1592 2571 1724 2634 φυγά-

193 2651 281 2702 δας,
310 2649 391 2694 τὸν
418 2651 465 2695 δὲ
493 2646 755 2694 κωλύσοντα
784 2650 914 2694 πέντε
946 2646 1174 2702 ταλάντοις
1206 2649 1359 2707 ἔνοχον
1397 2646 1535 2703 εἶναι).
1597 2650 1724 2694 Cuius

189 2723 251 2764 rei
290 2735 339 2764 eo
378 2723 513 2778 magis
550 2722 701 2764 mirum
743 2725 808 2764 est
843 2722 959 2776 apud
998 2722 1313 2777 Xenophontem
1353 2723 1601 2764 mentionem
1642 2736 1724 2763 non

190 2793 294 2844 fieri,
324 2807 451 2848 quum
481 2797 695 2845 oratores,
726 2798 774 2835 ut
801 2793 917 2836 Dem.
951 2793 1002 2836 de
1032 2792 1164 2837 Rhod.
1197 2794 1267 2837 lib.
1298 2809 1338 2849 p.
1368 2798 1446 2836 197
1479 2807 1604 2849 saepe
1632 2807 1724 2837 eam

193 2867 516 2907 commemorant
546 2864 752 2919 simulque
782 2864 1051 2920 Argivorum,
1092 2864 1162 2919 qui
1197 2864 1420 2920 superbiae
1448 2864 1723 2910 Lacedaemo-

190 2935 354 2980 niorum
377 2935 636 2989 restiterunt,
665 2935 934 2981 vehementer
964 2934 1215 2979 collaudant.
