1929 3200
845 168 1111 211 ...24-

215 281 367 326 sectam
397 293 491 323 esse
508 284 537 332 1)
572 283 615 323 et
646 280 731 323 iam
760 280 1006 336 priusquam
1045 279 1235 335 proditor
1276 280 1415 324 extitit
1443 281 1543 324 deos
1582 280 1749 324 calami-

216 355 346 395 tatem
376 350 634 406 reipublicae
663 351 947 393 imminentem
985 350 1197 394 indicasse
1231 352 1378 396 scribit
1421 352 1490 405 (cf.
1519 352 1592 402 III,
1623 355 1661 400 3,
1693 354 1747 401 5).

218 423 355 474 Quum
380 436 473 465 eum
497 424 587 464 tam
613 422 760 465 crebro
789 421 992 465 eiusmodi
1020 435 1101 472 res,
1130 422 1243 466 unde
1269 424 1403 466 minus
1428 422 1586 478 gloriae
1610 422 1654 464 iu
1668 420 1749 464 La-

218 493 511 537 cedaemonios
529 492 838 542 redundaverit,
865 492 1057 536 omittere
1085 493 1344 537 inveniamus
1371 492 1500 546 (infra
1517 493 1659 549 plures
1686 491 1747 535 af-

218 565 367 617 feram)
395 578 479 607 non
498 568 564 607 est
581 564 765 615 dubium,
796 564 896 618 quin
918 578 988 607 eas
1004 578 1088 607 non
1101 565 1254 607 invitus
1269 565 1498 615 occultarit,
1527 579 1579 608 ne
1595 577 1748 607 eorum,

220 635 373 690 quibus
401 634 600 677 utebatur
628 635 772 677 amicis
801 639 844 676 et
871 647 975 688 quos
1005 634 1087 677 sibi
1114 635 1293 678 lectores
1322 634 1410 678 fore
1444 635 1662 691 sperabat,
1701 636 1749 675 ut

220 705 426 761 Agesilai,
465 705 627 747 animos
665 703 904 747 offenderet.
978 703 1048 747 Sic
1086 704 1191 748 nihil
1231 705 1283 748 de
1315 705 1594 761 Herippidae,
1634 704 1749 748 cuius

219 781 368 832 postea
394 789 521 831 saepe
549 776 651 818 facit
680 776 945 826 mentionem,
975 777 1150 819 saevitia
1175 776 1305 820 habet
1332 777 1375 819 in
1397 776 1627 819 Heracleae
1650 774 1749 818 Tra-

222 847 449 891 chiniensis
478 847 656 897 incolas,
704 860 829 901 quam
868 846 989 890 Diod.
1018 846 1137 898 XIV,
1175 852 1229 890 38
1268 851 1577 897 commemorat,
1616 860 1750 901 neque

221 919 451 974 quidquam
479 918 532 961 de
560 918 990 961 Lacedaemoniorum
1018 918 1284 974 expeditione
1311 919 1355 961 in
1382 918 1610 962 Messenios
1638 918 1749 961 Nau-

221 994 390 1045 pactum
418 993 460 1032 et
480 988 777 1044 Cephalleniae
802 988 1020 1032 castellum
1048 988 1301 1040 habitantes,
1332 1003 1435 1043 quos
1465 989 1634 1032 sedibus
1650 992 1749 1031 ante

221 1060 374 1102 multos
402 1074 535 1102 annos
564 1060 779 1115 occupatis
802 1060 1063 1115 expulerunt,
1094 1059 1228 1109 affert,
1255 1060 1404 1113 quibus
1423 1060 1597 1114 iniuriis}
1610 1060 1749 1102 odium

223 1131 477 1174 Graecorum
514 1131 558 1173 in
586 1130 817 1186 Spartanos
845 1130 1110 1174 vehementer
1147 1135 1313 1174 auctum
1352 1144 1444 1174 esse
1482 1135 1649 1174 constat
1684 1130 1752 1183 (ci.

224 1203 407 1253 Sievers,
439 1202 585 1246 Gesch.
617 1202 947 1245 Griechenlands
976 1217 1003 1257 p
1049 1207 1073 1243 2
1105 1206 1147 1244 et
1175 1217 1215 1256 p.
1252 1206 1330 1253 15).
1388 1201 1490 1253 Quis
1519 1216 1617 1245 casu
1647 1202 1752 1245 haec

224 1274 364 1317 omnia
393 1273 448 1317 ab
478 1276 649 1317 auctore
677 1274 833 1316 omissa
863 1285 955 1316 esse
984 1273 1225 1316 existimat?

358 1344 418 1388 Ut
446 1344 683 1399 Xenophon
712 1358 841 1399 supra
867 1344 912 1386 in
939 1344 1125 1387 discidiis
1154 1344 1481 1399 factionumque‚
1521 1358 1628 1399 quae
1654 1349 1752 1387 ante

222 1415 583 1470 trigintavirorum
618 1415 945 1480 dgminationem
982 1416 1191 1457 civitatem
1228 1415 1576 1467 dilaceraverant,
1621 1420 1751 1459 certa—

222 1486 405 1529 minibus
435 1486 695 1542 explicandis
723 1485 847 1529 nobis
869 1498 952 1528 non
978 1484 1192 1536 satisfacit,
1218 1487 1278 1528 ita
1297 1499 1381 1528 non
1401 1485 1514 1537 dicit,
1544 1487 1751 1541 quomodo

223 1556 297 1601 illi.
327 1559 399 1610 qui
428 1561 653 1605 vocantur,
682 1557 847 1606 decem,
880 1556 970 1610 qui,
1009 1570 1134 1610 quum
1160 1557 1335 1611 triginta
1361 1556 1559 1600 Eleusina
1588 1571 1749 1600 conces-

225 1627 399 1680 sissent,
433 1642 584 1671 munus
613 1641 756 1671 eorum
783 1627 828 1670 in
854 1626 958 1670 urbe
989 1631 1283 1683 susceperunt,
1320 1628 1450 1671 creati
1488 1628 1572 1671 sint
1609 1633 1652 1672 et
1679 1629 1751 1683 qui

225 1699 383 1741 fuerint
406 1700 473 1749 (II,
504 1704 543 1750 4,
575 1704 655 1750 24).
714 1699 974 1752 Quamquam
1015 1698 1120 1741 haec
1145 1700 1401 1755 negligentia
1439 1700 1553 1742 haud
1583 1702 1668 1743 scio
1697 1714 1752 1742 an

225 1771 369 1826 potius
400 1770 458 1813 sit
486 1769 662 1813 ferenda
690 1783 815 1824 quam
844 1768 954 1823 quod
994 1770 1119 1825 paulo
1156 1769 1266 1813 infra
1294 1770 1410 1813 illam
1436 1770 1594 1814 liberae
1616 1771 1752 1826 reipu-

225 1841 362 1884 blicae
389 1840 657 1883 refectionem
686 1840 958 1883 clarissimam
995 1840 1060 1882 his
1093 1841 1271 1884 exilibus
1300 1842 1439 1884 verbis
1474 1846 1642 1884 narrat:
1682 1842 1752 1884 καὶ

225 1907 325 1953 τότε
359 1911 437 1966 μὲν
473 1907 606 1966 ἀρχὰς
637 1907 1003 1966 καταστησάμενοι
1038 1909 1341 1954 ἐπολιτεύοντο
1380 1912 1464 1963 (ΙΙ,
1494 1917 1521 1953 4
1534 1946 1543 1963 ,
1571 1917 1662 1964 34),
1701 1913 1753 1956 de

226 1981 411 2025 Archino
462 1985 505 2025 et
546 1982 684 2037 Anyto
697 2016 706 2034 ,
753 1983 823 2036 qui
868 1980 1171 2037 Thrasybulum
1222 1982 1490 2033 adiuverant,
1537 1983 1590 2027 de
1637 1982 1751 2027 Tisa-

226 2054 338 2096 meni
377 2054 615 2109 regatione,
652 2053 704 2095 de
742 2053 928 2096 Euclidis
962 2053 1228 2108 magistratu,
1268 2055 1320 2096 de
1360 2054 1589 2097 factionum
1627 2059 1751 2108 statu,

227 2126 376 2179 qualis,
406 2125 664 2168 democratia
692 2126 897 2176 restituta,
925 2124 1061 2175 fuerit,
1087 2125 1138 2168 de
1162 2126 1226 2176 iis,
1250 2126 1321 2179 qui
1349 2126 1448 2170 inde
1477 2126 1531 2169 ab
1554 2126 1634 2169 hoc
1651 2130 1752 2169 tem-

226 2210 329 2252 pore
357 2197 571 2253 principes
614 2198 658 2239 in
696 2196 912 2251 republica
941 2199 1079 2248 erant,
1119 2210 1173 2238 ne
1212 2197 1359 2240 vocula
1388 2197 1555 2252 quidem
1594 2197 1752 2241 addita.

226 2268 371 2324 Neque
400 2270 626 2325 ampliores
650 2270 693 2311 in
723 2269 849 2311 rebus
876 2267 1089 2310 civitatum
1117 2268 1292 2311 internis
1318 2283 1369 2312 ac
1399 2269 1636 2312 domesticis
1657 2274 1755 2313 sunt

223 2341 479 2396 posteriores
509 2341 693 2396 quinque
722 2339 841 2390 libri,
871 2351 993 2394 quOS,
1030 2340 1236 2393 quomodo
1266 2341 1482 2397 scripserit
1508 2340 1752 2396 Xenophon,

223 2425 334 2455 nunc
363 2412 636 2467 inquiramus.

360 2483 443 2526 Res
472 2484 515 2525 in
544 2484 664 2527 libris
693 2483 713 2524 I
742 2486 786 2525 et
812 2483 853 2524 11
881 2481 1197 2536 Xenophontem
1227 2487 1313 2525 tam
1339 2483 1619 2538 inaequaliter
1646 2496 1752 2526 com-

223 2555 425 2612 posuisse,
455 2558 503 2598 ut
530 2554 655 2598 modo
668 2553 924 2598 laudabilem
949 2554 1267 2606 accurationem,
1296 2554 1420 2598 modo
1441 2568 1636 2611 magnam
1661 2554 1753 2598 bre-

222 2628 395 2669 vitatem
423 2632 689 2681 sequeretur,
719 2627 842 2669 modo
872 2625 1025 2675 multa,
1054 2639 1166 2679 quae
1192 2626 1370 2668 dicenda
1394 2631 1535 2676 erant,
1574 2631 1649 2669 aut
1676 2640 1753 2681 per

223 2697 521 2753 negligentiam
551 2701 625 2741 aut
664 2698 717 2741 de
753 2697 961 2740 industria
990 2696 1201 2740 omitteret
1228 2710 1280 2740 ex
1307 2697 1381 2747 iis,
1420 2710 1528 2752 quae
1559 2697 1748 2748 disserui,

222 2768 402 2824 intelligi
430 2768 624 2811 arbitror.
682 2769 818 2820 Quum
845 2768 902 2811 ad
929 2769 1100 2810 tertium
1125 2767 1276 2811 librum
1305 2768 1562 2817 accedimus,
1587 2769 1642 2812 ab
1670 2768 1752 2811 hac

364 2866 388 2911 ¹)
414 2867 483 2911 ΙΙΙ,
508 2873 540 2911 3,
568 2872 604 2902 11
631 2864 732 2907 τέλος
756 2862 868 2901 αὐτὸν
893 2864 1026 2911 ἤροντο
1050 2864 1087 2901 τί
1108 2864 1167 2900 καὶ
1191 2863 1416 2910 βουλόμενος
1441 2865 1558 2900 ταῦτα
1584 2864 1754 2909 πράττοι.

224 2924 244 2960 ὁ
270 2923 536 2970 δ’ἄπεκρίνατο,
561 2924 716 2971 μηδενὸς
739 2922 856 2971 ἥττων
880 2923 973 2961 εἶναι
1002 2924 1041 2961 ἐν
1063 2926 1318 2970 Λακεδαίμονι.
