1929 3200
840 140 1122 183 -31-...

225 252 360 298 viores
386 255 550 298 tantum
565 252 623 295 ad
651 251 944 308 explicandum
962 252 1091 309 eligit,
1125 252 1333 308 quomodo
1353 255 1467 296 recte
1485 252 1748 301 cohaereant,

222 336 308 368 non
333 325 508 369 multum
533 328 715 368 curans?
743 350 801 358 —

356 396 454 449 Iter,
482 396 595 452 quod
623 395 724 439 fecit
744 409 821 439 rex
836 409 913 451 per
933 395 1193 438 Thessaliam
1223 398 1266 437 et
1289 396 1519 438 certamina
1547 410 1639 438 cum
1659 396 1749 438 eius

224 467 418 523 gentibus
444 467 499 511 ab
521 480 579 510 -eo
611 470 847 510 sustentata
873 479 935 518 ea,
966 479 1058 520 qua
1079 466 1124 507 in
1152 465 1363 521 plerisque
1392 465 1595 508 eiusmodi
1622 465 1748 509 rebus

221 538 285 581 uti
312 537 439 590 solet,
475 538 695 594 diligentia
722 537 933 581 describit
989 536 1170 580 Nuntius
1202 536 1255 579 de
1287 536 1483 579 Pisandri
1508 537 1749 580 tristissima

222 607 342 652 clade
382 609 497 663 apud
524 608 701 652 Cnidum
737 609 926 659 advenit,
964 622 1048 662 qua
1084 608 1365 663 principatum
1402 607 1749 651 Lacedaemonio·

220 693 311 724 rum
342 680 595 724 maritimum
626 681 763 724 subito
797 694 985 724 eversum
1021 692 1113 722 esse
1152 683 1326 722 constat.
1383 678 1475 722 Hoc
1512 692 1565 722 ne
1602 679 1749 722 leviter

222 749 390 804 quidem
426 751 587 794 indicat
620 750 874 807 Xenophon,
913 751 984 804 qui
1022 764 1074 792 ex
1111 751 1246 792 nuntii
1283 750 1524 791 narratione
1564 764 1749 805 pugnam

220 822 410 867 navalem
438 836 650 875 sermone,
678 824 750 878 qui
777 826 972 873 vocatur,
1001 821 1171 877 obliquo
1201 835 1326 876 quam
1355 822 1596 865 brevissime
1624 834 1749 876 expo—

222 906 322 937 nere
350 895 453 937 satis
481 894 623 938 habet.
680 894 864 937 Maxime
895 897 1035 936 autem
1067 907 1128 944 ea,
1159 907 1266 947 quae
1291 894 1390 935 inde
1404 908 1431 935 a
1451 893 1609 948 proelio
1634 892 1750 948 apud

221 966 568 1021 Aegospotamos,
606 965 718 1009 unde
745 980 838 1010 cum
864 966 1011 1022 paucis
1052 966 1228 1009 navibus
1253 964 1462 1008 Cononem
1500 964 1557 1008 ad
1583 964 1749 1021 Euago-

189 1048 191 1050 ·
218 1050 310 1080 ram
337 1051 479 1093 regem
518 1038 701 1081 evasisse
729 1036 784 1089 (I,
816 1042 863 1088 2,
892 1041 962 1088 24)
991 1038 1247 1092 accepimus,
1286 1051 1418 1091 usque
1455 1037 1511 1079 ad
1541 1036 1749 1081 Cnidense

218 1108 283 1151 vir
310 1108 561 1151 fortissimus
591 1112 634 1152 et
658 1122 801 1151 amore
825 1109 991 1164 patriae
1017 1123 1216 1151 accensus
1240 1123 1333 1151 cum
1356 1109 1497 1152 Persis
1524 1109 1749 1164 agitaverit

217 1179 468 1235 molitusque
492 1180 556 1232 sit,
585 1184 634 1222 ut
645 1180 831 1236 patriam
846 1179 1080 1234 perculsam
1097 1180 1286 1236 erigeret,
1308 1181 1352 1223 in
1367 1178 1605 1233 Hellenicis,
1636 1193 1746 1236 quae

216 1264 356 1293 rerum
382 1252 684 1294 maritimarum
711 1265 860 1306 parum
889 1252 1096 1294 rationem
1123 1251 1290 1303 habent,
1322 1253 1413 1295 iure
1441 1252 1746 1297 desiderantur.

218 1322 375 1365 Auctor
400 1323 444 1365 in
474 1322 570 1373 doli,
599 1336 680 1377 quo
708 1336 761 1365 ne
791 1322 943 1365 milites
973 1336 1069 1366 suos
1098 1323 1260 1366 animus
1286 1324 1493 1375 deficeret,
1523 1324 1746 1381 Agesilaus

218 1393 380 1436 cladem
409 1394 559 1437 celavit
588 1408 713 1448 quam
740 1394 785 1436 in
816 1394 949 1448 ipsius
970 1390 973 1391 ⁷
991 1393 1122 1436 cladis
1159 1398 1256 1449 post
1280 1395 1605 1450 Arginusensem
1631 1395 1748 1439 haud

218 1464 345 1509 dubie
382 1466 609 1518 maximae,
650 1479 775 1520 quam
814 1465 922 1507 mari
949 1464 1148 1520 Spartani
1177 1471 1438 1521 acceperant,
1465 1467 1747 1524 descriptione

217 1539 374 1581 maiore
401 1553 494 1581 cum
524 1539 801 1582 delectatione
833 1539 993 1580 versari
1024 1537 1198 1581 videtur.
1242 1539 1381 1593 Atque
1406 1539 1573 1582 omnino
1596 1542 1747 1582 strata·

217 1613 427 1665 gematum
455 1614 497 1653 et
525 1610 789 1653 consiliorum
822 1623 849 1652 a
878 1608 1053 1652 ducibus
1086 1609 1238 1652 callide
1276 1614 1318 1652 et
1353 1614 1495 1653 astute
1535 1613 1746 1666 suscepto—

216 1694 308 1723 rum
337 1695 520 1724 summus
548 1681 780 1723 admirator
818 1680 1169 1743 est-Xenophon,
1203 1681 1316 1735 quod
1352 1686 1396 1724 et
1432 1696 1561 1737 supra
1588 1683 1675 1725 iam
1700 1683 1746 1725 in

216 1750 428 1802 Eteonico,
459 1751 708 1807 Dercyllida,
736 1751 852 1793 cuius
882 1752 1081 1793 astutiam
1099 1751 1311 1793 collaudat
1336 1757 1379 1794 et
1393 1753 1589 1808 Agesilao
1606 1752 1744 1795 Tissa·

216 1821 417 1877 phernem
446 1822 596 1865 callide
622 1822 856 1877 decipiente
881 1822 1059 1865 vidimus
1089 1826 1132 1865 et
1158 1808 1267 1864 inf'ra
1297 1823 1464 1878 saepius
1487 1824 1743 1878 reperiemus

215 1893 282 1947 (ef.
311 1893 424 1936 locos
461 1893 514 1936 de
542 1893 766 1948 Iphicratis
795 1893 891 1936 dolo
914 1893 992 1945 IV,
1025 1898 1072 1946 8,
1099 1897 1151 1934 35
1164 1927 1173 1944 ,
1214 1894 1267 1935 de
1295 1893 1480 1936 Chabria
1504 1893 1744 1950 Gorgopam

215 1964 591 2010 Lacedaemonium
615 1965 779 2009 insidiis
804 1965 1079 2009 obtruncante
1107 1964 1156 2016 V,
1190 1969 1226 2016 1,
1254 1970 1320 2017 10,
1349 1967 1403 2009 de
1430 1965 1642 2010 Thibrone
1669 1964 1743 2016 IV,

217 2041 255 2089 8,
287 2042 338 2080 19
369 2041 412 2080 et
442 2042 525 2091 22).

350 2108 575 2151 Praeterea
600 2108 693 2162 quis
716 2108 933 2151 Hellenica
960 2108 1223 2164 perlustrans
1253 2122 1338 2151 non
1366 2108 1520 2162 videat,
1546 2123 1627 2162 res,
1656 2111 1744 2164 qui·

216 2180 296 2225 bus
325 2185 535 2224 auctorem
564 2179 803 2223 interfuisse
840 2181 1018 2231 scimus,
1053 2181 1185 2223 multo
1218 2182 1455 2224 accuratius
1499 2195 1625 2236 quam
1659 2196 1744 2234 eas,

218 2265 322 2306 quas
353 2266 403 2295 ex
432 2252 526 2294 aliis
555 2255 790 2307 compertas
820 2250 981 2303 habuit,
1008 2252 1237 2306 explicari?
1294 2251 1484 2305 Namque
1522 2256 1565 2295 et
1592 2266 1645 2295 ex
1679 2253 1744 2305 iis,

216 2337 324 2377 quae
350 2324 455 2366 mari
477 2328 602 2379 gesta
629 2327 726 2365 sunt
753 2337 943 2377 quaeque
965 2324 1112 2377 quanti
1132 2323 1330 2366 momenti
1355 2327 1497 2366 essent
1511 2323 1744 2379 Xenophon

214 2406 365 2448 parum
392 2395 657 2449 perspexisse
685 2393 850 2435 videtur
863 2426 873 2444 ,
914 2397 1077 2435 tantum
1107 2395 1258 2448 quibus
1294 2394 1408 2435 nullo
1438 2395 1562 2437 modo
1600 2408 1743 2438 carere

215 2478 448 2521 possumus,
478 2470 704 2508 narrantur
731 2469 774 2508 et
799 2466 844 2507 in
872 2469 1060 2509 extrema
1095 2466 1234 2520 operis
1273 2469 1396 2520 parte
1434 2480 1503 2509 res
1538 2467 1742 2521 imprimis

213 2535 326 2580 intra
351 2536 696 2593 Peloponnesum,
725 2536 798 2579 ubi
817 2540 965 2579 auctor
988 2550 1065 2592 per
1080 2536 1249 2593 longum
1268 2540 1433 2592 tempus
1462 2541 1741 2580 commoratus

217 2612 293 2660 est,
323 2609 386 2652 ita
412 2609 466 2653 ab
498 2623 547 2653 eo
576 2609 839 2660 exhibentur,
871 2612 919 2651 ut
944 2623 1052 2663 quae
1086 2609 1131 2651 in
1166 2609 1339 2663 reliquis
1367 2608 1569 2653 Graeciae
1605 2610 1739 2665 regio-

215 2679 349 2730 nibus,
379 2679 494 2722 haud
511 2693 607 2722 raro
630 2692 713 2722 non
731 2680 867 2722 minus
896 2680 1052 2735 gravia,
1082 2680 1331 2723 accidebant
1353 2693 1502 2734 parum
1518 2680 1741 2737 diligenter

211 2750 420 2805 respiciat.
453 2751 569 2802 Quae
584 2752 674 2807 ipse
693 2755 888 2806 expertus
904 2755 980 2802 est,
1001 2765 1052 2794 ea
1068 2751 1191 2794 nimis
1210 2751 1411 2794 admirari
1430 2751 1545 2804 solet,
1564 2757 1612 2795 ut
1633 2766 1737 2807 pug-

211 2834 308 2866 noen
328 2820 373 2864 in
389 2821 569 2878 planicie
585 2821 837 2865 Coroneensi
864 2822 1146 2874 commissam,
1170 2821 1243 2866 ubi
1261 2833 1357 2864 eum
1382 2821 1437 2866 ab
1466 2821 1651 2879 Agesilai
1676 2821 1738 2866 la-

210 2895 300 2937 tere
319 2893 449 2938 fuisse
467 2897 581 2938 certo
601 2908 652 2938 ex
669 2897 822 2940 natura
844 2894 1100 2938 narrationis
1119 2894 1172 2937 de
1185 2894 1257 2937 illo
1274 2893 1434 2950 proelio
1459 2895 1737 2951 cognoscitiu,
