1929 3200
860 156 1117 202 ...3-

224 270 317 317 diae
342 271 601 324 versabatur,
632 270 707 316 ubi
734 270 790 316 de
816 271 884 324 iis,
912 283 1024 328 quae
1047 271 1095 316 in
1110 269 1307 317 universa
1330 270 1473 329 patria
1482 268 1751 328 gerebantur,

141 364 148 372 ·
223 341 338 387 haud
367 341 593 388 difficulter
616 346 731 387 certa
760 346 804 387 et
828 343 915 387 fide
943 343 1077 400 digna
1102 354 1328 400 congerere
1355 345 1509 399 posset.
1547 340 1642 386 Non
1653 353 1752 398 pro-

225 413 295 457 cul
319 414 470 467 aberat
483 414 686 472 Olympia,
710 427 795 470 quo
823 427 979 471 magna
1003 414 1218 459 hominum
1238 414 1469 467 *multitudo
1491 427 1544 457 ex
1558 413 1751 457 omnibus

224 483 426 529 Graeciae
451 484 695 543 regionibus
722 483 972 538 confluebat,
996 498 1102 541 quos
1131 486 1234 542 quin
1261 485 1426 537 adierit,
1452 488 1501 528 ut
1529 498 1581 528 ex
1609 497 1752 529 eorum

224 556 441 613 colloquiis
469 557 573 614 quid
608 557 654 601 in
690 558 891 614 cuiusque
919 558 1062 615 patria
1094 560 1311 616 gereretur
1343 557 1409 602 vel
1435 559 1600 615 gestum
1629 560 1751 608 esset,

222 628 473 686 perciperet,
495 628 612 674 haud
641 629 813 675 dubium
842 629 1021 674 videtur.
1079 630 1244 674 Nullius
1282 633 1423 673 autem
1459 630 1594 687 partis
1625 628 1752 672 Grae—

224 701 314 745 ciae
339 714 408 746 res
437 703 673 746 accuratius
703 702 982 759 cognoscendi
1012 704 1134 758 copia
1172 704 1211 746 ei
1249 703 1363 746 facta
1392 706 1458 746 est
1485 715 1611 757 quam
1635 701 1753 744 Pelo-

222 772 409 828 ponnesi,
439 773 556 817 cuius
583 772 787 817 tumultus
817 773 945 817 etiam
968 771 1101 818 otium
1130 777 1173 817 et
1199 773 1548 829 tranquillitatem
1569 771 1754 816 auctoris

221 856 333 887 anno
361 847 443 887 365
458 858 495 888 a.
516 843 625 896 chr„
655 847 703 887 ut
716 844 792 888 Od.
808 844 988 889 Mueller
1012 845 1112 897 vult,
1137 845 1333 890 turbasse
1361 844 1564 888 audimus.
1602 843 1754 895 Quam-

222 913 366 957 obrem
403 917 616 958 auctorem
657 915 753 971 plus
794 915 1037 972 diligentiae
1073 916 1120 960 in
1158 930 1227 961 res
1265 916 1483 968 Eleorum,
1530 914 1752 965 Arcadum,

135 976 137 978 ’
221 984 515 1037 Phliasiorum,
543 986 722 1030 aliarum
750 987 1023 1042 paeninsulae
1051 988 1247 1043 gentium,
1279 1001 1383 1042 quas
1413 989 1587 1042 proptes
1612 985 1755 1029 vicini·

221 1060 353 1101 tatem
382 1058 541 1114 optime
569 1061 844 1115 cognoverat,
877 1071 1003 1114 quam
1036 1059 1082 1102 in
1119 1072 1190 1111 ea,
1222 1072 1332 1114 quae
1358 1059 1404 1101 in
1430 1058 1526 1102 aliis
1552 1057 1756 1101 Graeciae

220 1129 463 1186 regionibus
490 1129 605 1173 facta
631 1134 754 1174 erant
781 1133 825 1173 et
853 1143 983 1186 quae,
1008 1133 1057 1174 ut
1082 1144 1152 1174 res
1180 1130 1437 1181 maritimae,
1468 1142 1596 1184 saepe
1623 1129 1756 1172 multo

221 1200 392 1244 maioris
416 1201 474 1244 ad
500 1215 569 1245 res
597 1200 851 1245 Graecorum
878 1205 1000 1246 erant
1027 1202 1250 1253 momenti,
1291 1201 1519 1245 contulisse
1554 1200 1754 1243 videmus.

220 1271 359 1327 Atque
386 1273 554 1317 omnino
582 1274 627 1316 in
655 1272 751 1326 fide,
781 1277 940 1328 quanta
970 1273 1028 1317 sit
1052 1273 1280 1317 Hellenicis
1307 1272 1632 1328 Xenophonteis,
1660 1285 1755 1328 per-

219 1341 445 1398 pendenda
485 1357 698 1399 nunquam
735 1343 1033 1401 negligendum
1077 1347 1163 1396 est,
1199 1345 1458 1400 scriptorem
1491 1357 1568 1399 per
1601 1343 1755 1386 multos

220 1427 353 1459 annos
387 1415 487 1460 inde
513 1430 542 1461 a
569 1420 777 1473 tempore,
820 1430 903 1473 quo
929 1417 976 1461 in
1003 1416 1148 1461 Asiam
1174 1417 1362 1470 transiit,
1393 1430 1528 1472 usque
1553 1415 1621 1459 ad*
1636 1414 1754 1466 illud,

220 1499 304 1541 quo
331 1487 478 1531 exsilio
503 1487 708 1531 liberatus
725 1488 770 1531 in
788 1488 971 1543 patriam
987 1488 1172 1540 revertit,
1201 1501 1367 1544 semper
1393 1491 1468 1532 aut
1495 1486 1611 1543 apud
1638 1499 1754 1530 exer-

220 1557 327 1601 citus
339 1557 697 1602 Lacedaemonios
726 1563 801 1602 aut
822 1560 868 1602 in
896 1573 1039 1603 eorum
1060 1559 1216 1604 finibus
1240 1563 1317 1603 ant
1338 1573 1471 1615 prope
1494 1558 1550 1603 ab
1575 1559 1628 1601 iis
1645 1571 1754 1601 com-

218 1631 425 1673 moratum
463 1628 604 1674 fnisse.
673 1629 785 1674 Hinc
821 1629 974 1684 multa,
1026 1643 1135 1687 quae
1170 1630 1217 1674 in
1256 1630 1346 1674 eius
1384 1630 1564 1674 historia
1598 1642 1755 1686 graeca

217 1700 402 1754 permira
429 1700 550 1744 nobis
577 1701 782 1753 videntur,
811 1702 1044 1757 repetenda
1071 1705 1191 1745 sunt!
1224 1702 1359 1752 Quum
1387 1705 1536 1756 postea
1551 1700 1753 1743 Scillunte

217 1769 445 1827 Lepreum,
485 1770 585 1815 inde
613 1771 859 1816 Corinthum
889 1772 1144 1817 domicilium
1170 1772 1478 1824 transtulisset,
1516 1771 1562 1815 id
1589 1771 1754 1815 auctori

216 1854 288 1886 res
310 1840 515 1885 Graeciae
543 1842 826 1887 conscribenti
852 1847 1214 1900 peropportunum
1240 1843 1371 1886 fuisse
1399 1843 1494 1898 quis
1520 1842 1751 1886 infitietur?

217 1911 335 1965 Quae
362 1912 485 1966 urbs,
522 1914 567 1956 in
600 1913 789 1957 confiniis
815 1913 1096 1972 Peloponnesi
1133 1918 1177 1959 et
1205 1914 1397 1958 Helladis
1423 1914 1482 1957 ad
1511 1927 1628 1957 mare
1655 1913 1751 1964 sita,

217 1997 326 2039 quae
351 1983 557 2039 quidquid
590 1999 719 2040 grave
753 1987 961 2031 communi
991 1988 1159 2042 patriae
1195 1986 1351 2030 accidit
1386 1989 1429 2029 et
1463 1987 1559 2041 ipsa
1588 1999 1753 2040 semper

217 2054 512 2113 experiebatur
525 2068 763 2113 magnaque
778 2056 892 2101 omni
918 2060 1109 2115 tempore
1131 2055 1346 2102 hominum
1373 2055 1558 2112 undique
1582 2068 1751 2100 concur-

214 2128 397 2173 rentium
423 2127 692 2171 multitudine
719 2127 934 2180 affluebat,
962 2129 1008 2172 in
1034 2129 1127 2173 loco
1147 2142 1290 2172 rerum
1307 2129 1470 2172 auctori
1484 2128 1750 2183 opportunis-

216 2198 322 2244 simo
348 2198 489 2255 posita
525 2202 630 2243 erat.
688 2198 808 2252 Quae
838 2212 967 2255 quum
1005 2199 1068 2244 ita
1106 2200 1211 2252 sint,
1249 2200 1343 2255 quis
1383 2198 1587 2243 eiusmodi
1621 2199 1751 2242 vitam

215 2269 484 2328 Xenophonti
507 2270 734 2328 contigisse
762 2274 912 2329 negat,
949 2274 999 2316 ut
1034 2286 1103 2317 res
1142 2286 1219 2329 per
1257 2272 1496 2316 universam
1530 2270 1751 2315 Graeciam

215 2346 359 2399 gestas
385 2343 555 2387 videndi
581 2343 649 2386 vel
675 2343 878 2387 audiendi
913 2347 957 2386 et
995 2345 1217 2388 materiam
1252 2344 1500 2399 silvamque,
1537 2357 1622 2399 qua
1650 2356 1750 2386 suas

214 2412 413 2459 historias
447 2417 701 2468 exstrueret,
743 2415 930 2472 undique
970 2416 1273 2473 amplissimam
1307 2414 1560 2471 congerendi
1593 2414 1749 2459 multas

215 2486 454 2531 oecasiones
478 2485 684 2531 haberet?

350 2556 415 2603 D'e
437 2558 608 2615 ingenio
636 2556 907 2615 moribusque
934 2557 1225 2614 Xenophontis
1252 2557 1364 2600 inter
1388 2556 1652 2612 antiquitatis
1675 2570 1749 2614 pe·

213 2628 319 2674 titos
345 2628 416 2673 vix
444 2628 724 2686 discrepatur,
763 2631 813 2673 ut
848 2629 954 2674 satis
983 2629 1164 2674 habeam
1194 2642 1420 2685 exponere,
1458 2628 1665 2684 quomodo
1701 2629 1749 2674 id

214 2700 273 2745 ad
285 2699 506 2746 historiam
534 2700 812 2747 scribendam
837 2706 984 2759 aptum
1009 2704 1137 2758 atque
1163 2701 1359 2745 idoneum
1384 2700 1521 2746 fuerit.
1559 2702 1596 2745 A
1620 2702 1748 2758 pluri-

153 2790 156 2794 *
213 2771 320 2825 bus,
355 2772 430 2829 qui
452 2772 520 2818 ‘de
548 2773 722 2818 Socrate
757 2773 930 2830 eiusque
958 2773 1175 2830 discipulis
1209 2773 1434 2817 memoriae
1459 2773 1748 2829 prodiderunt,

213 2842 418 2889 anditum
437 2847 515 2899 est,
544 2843 866 2903 Xenophontem
891 2844 950 2890 ad
978 2844 1199 2890 recondita
1213 2847 1257 2889 et
1270 2844 1545 2889 subtilissima
1556 2844 1751 2902 magistri

213 2919 444 2974 praecepta
468 2929 556 2961 non
589 2916 821 2962 admissum
846 2918 1076 2975 praecipue
1100 2930 1266 2961 omnem
1294 2917 1407 2969 eius,
1431 2931 1558 3027 Ιᾳὲιαο
1586 2916 1640 2961 de
1663 2917 1751 2962 vita
