1929 3200
831 202 888 211 ....
944 177 999 219 29
1059 199 1111 208 -

210 289 327 334 haud
353 290 496 346 magni
522 290 738 341 momenti,
771 293 1066 333 commemorat
1092 301 1228 345 neque
1258 288 1412 331 invitus
1433 289 1486 332 iis
1512 287 1734 337 assentior,
1754 286 1757 290 ’

212 360 286 417 qui
311 364 358 404 ut
386 359 606 413 Weiskius,
635 360 767 404 multa
793 360 863 404 hic
891 361 1124 416 exstirpata
1152 373 1245 403 esse
1271 359 1540 403 arbitrantur.
1601 364 1735 402 Xeno-

213 431 327 488 phon
343 433 464 484 enim,
494 432 568 489 qui
595 445 689 475 eum
721 432 777 475 ad
790 446 931 475 muros
958 431 1185 475 accessisse
1215 434 1258 473 et
1286 431 1494 487 quomodo
1516 445 1608 473 cum
1639 431 1734 474 hos-

211 503 326 547 tibus
354 502 597 555 conflixerit,
627 503 831 546 incertum
858 517 950 546 esse
977 502 1093 553 dicit,
1118 502 1194 553 111,
1225 505 1261 554 5,
1294 507 1345 544 19
1374 502 1435 545 ita
1463 503 1620 558 pergit:
1644 500 1735 544 ἐπεὶ

212 570 251 616 δ’
250 569 559 625 ἀποθανόντος
572 569 831 630 Λυσάνδρου
849 572 1011 629 ἔφυγον
1032 572 1072 615 οἱ
1100 569 1224 615 ἄλλοι
1241 570 1353 628 πρὸς
1367 569 1419 615 τὸ
1433 569 1537 628 ὄρος
1550 572 1735 616 ἐδίωκον

212 643 469 702 ὲρῤωμένως
497 643 538 688 οἱ
568 646 755 701 θηβαῑοι.
813 644 929 687 Haec
945 644 1084 687 omnia
1113 644 1165 686 de
1195 644 1307 686 illius
1326 648 1457 687 morte
1525 643 1628 694 Quis
1658 649 1735 687 est.

214 717 291 774 qui
320 715 402 761 hac
438 716 645 761 brevitate
683 716 913 760 delectetur
941 727 1077 771 neque
1106 714 1337 771 quidquam
1364 716 1547 769 amptius
1572 714 1733 758 deside-

211 791 306 831 ret?
343 815 384 820 ——
416 788 588 831 Auctori
614 787 834 830 Thebanos
860 786 1016 828 invisos
1044 785 1191 836 fuisse,
1222 786 1338 828 cuius
1361 786 1584 829 simultatis
1614 786 1737 842 plura

214 857 259 900 in
273 857 500 902 Hellenicis
526 858 703 914 vestigia
717 856 1096 913 deprehenduntur,
1127 856 1331 898 neminem
1346 856 1544 907 invenies,
1575 858 1648 913 qui
1661 857 1735 900 ali-

217 931 284 972 ter
314 930 468 972 sentiat
497 942 632 985 neque
660 927 831 971 difficile
857 931 933 978 est,
964 926 1065 983 quid
1095 927 1258 969 auctori
1282 926 1328 968 in
1355 927 1407 969 iis
1436 926 1656 970 offensioni
1677 928 1739 971 fu·

216 1001 297 1042 erit
325 1000 571 1056 intelligere,
597 1000 650 1043 de
675 1013 758 1056 qua
785 1013 832 1042 re
861 1000 910 1042 ci.
937 997 1136 1041 Volkmar
1163 997 1242 1041 l.'c.
1270 1012 1312 1053 p.
1335 1002 1374 1041 8.
1432 998 1542 1041 Νιιιιι
1571 999 1738 1052 bellum,

215 1069 268 1112 de
297 1083 379 1127 quo
398 1070 585 1123 dicimus,
609 1084 657 1125 re
680 1084 779 1113 vera
802 1070 891 1113 solo
910 1068 1187 1112 Thelanorum
1217 1068 1399 1123 impulsu
1428 1070 1642 1122 exarserit,
1670 1085 1739 1115 va-

213 1140 288 1184 riis
318 1141 371 1184 de
399 1142 560 1192 causis,
592 1154 697 1198 quas
726 1140 854 1184 Grote
881 1141 907 1184 l.
940 1155 972 1183 c.
1002 1140 1050 1183 V.
1076 1156 1116 1196 p.
1149 1144 1228 1182 233
1257 1144 1331 1183 not
1361 1144 1413 1181 12
1439 1141 1625 1198 collegit,
1665 1142 1738 1186 du-

214 1211 436 1256 bitandum
464 1216 529 1255 est
553 1217 596 1255 et
612 1213 733 1256 Diod.
753 1212 863 1263 XIV,
897 1217 948 1254 81
979 1211 1136 1255 bellum
1163 1215 1309 1254 contra
1329 1211 1565 1256 Phocenses
1592 1227 1620 1256 a
1633 1213 1736 1257 The-

214 1284 337 1327 banis
373 1285 436 1327 ita
475 1288 713 1339 susceptum
753 1298 845 1327 esse
881 1284 1030 1335 tradit,
1064 1287 1112 1325 ut
1135 1282 1487 1327 Lacedaemonios
1509 1298 1738 1340 provocare

214 1355 259 1397 in
287 1355 427 1398 animo
449 1356 502 1398 iis
530 1356 659 1398 fuisse
687 1369 769 1398 non
796 1355 1021 1398 videamus.
1079 1354 1186 1397 Utut
1206 1359 1280 1405 est,
1311 1368 1420 1411 quae
1435 1360 1605 1411 praeter
1630 1358 1737 1401 illud

213 1426 392 1481 primum
426 1427 629 1482 proelium
667 1427 781 1483 apud
817 1426 1055 1469 Haliartum
1088 1426 1253 1468 fortiter
1291 1432 1512 1482 gesserunt
1546 1428 1737 1473 Thebani

214 1497 398 1553 sociique
414 1502 464 1550 1),
500 1499 655 1549 omittit
682 1498 915 1555 Xenophon
942 1497 1163 1552 subitoque
1191 1497 1279 1552 (lib.
1307 1497 1383 1553 IV)
1412 1499 1469 1543 ad
1496 1500 1738 1557 Agesilaum

214 1582 308 1611 cum
340 1569 496 1624 regulis
543 1569 793 1624 quibusdam
830 1570 957 1611 Asiae
1000 1568 1301 1622 colloquentem
1339 1573 1383 1611 et
1428 1572 1737 1615 matrimonium

213 1639 483 1683 mulierculae
515 1639 762 1682 condentem
792 1640 1024 1682 revertitur.
1083 1638 1219 1690 Quum
1245 1653 1313 1682 res
1344 1641 1464 1683 initio
1499 1643 1623 1686 sociis
1648 1647 1737 1687 tam

213 1723 415 1766 prospere
443 1712 678 1762 cessissent,
708 1711 864 1766 ephori,
894 1715 942 1753 ut
957 1711 1198 1767 Agesilaum
1219 1711 1263 1753 in
1283 1712 1517 1755 subsidium
1529 1719 1737 1767 vocarent,

213 1782 384 1837 impulsi
408 1786 515 1835 sunt,
546 1782 658 1837 quod
683 1787 731 1825 ut
757 1781 956 1832 facerent,
984 1783 1234 1825 necessitate
1260 1789 1425 1825 coactos
1453 1797 1525 1826 eos
1546 1798 1640 1828 esse
1654 1785 1737 1829 Xe-

213 1852 383 1910 nophon
410 1868 494 1897 non
520 1857 666 1909 aperte
696 1853 807 1897 dicit.
862 1852 964 1903 Rex,
994 1852 1229 1909 Epicydida
1252 1854 1379 1897 misso
1397 1854 1481 1907 (IV,
1496 1859 1534 1906 2,
1549 1861 1600 1908 1),
1625 1856 1738 1900 dicto

213 1925 388 1967 audiens
416 1924 615 1975 reditum,
655 1925 843 1978 quamvis
871 1924 1044 1975 invitus,
1082 1925 1127 1966 in
1151 1924 1363 1978 Europam
1398 1926 1564 1980 paravit
1592 1930 1653 1978 et,
1689 1930 1738 1969 ut

212 1994 446 2051 Xenophon
473 1996 558 2047 ait,
583 1995 800 2039 Euxenum
822 2008 915 2039 cum
941 1999 1119 2049 quatuor
1141 1995 1323 2039 millibus
1351 1996 1547 2050 militum,
1586 1998 1658 2052 qui
1679 1998 1737 2042 ci-

213 2067 365 2109 vitates
403 2066 603 2109 adversus
634 2066 858 2109 Persarum
893 2067 1074 2122 impetus
1113 2070 1321 2119 tueretur,
1358 2067 1404 2109 in
1431 2068 1533 2111 Asia
1557 2068 1736 2123 reliquit.

214 2135 434 2194 Singulare
463 2142 549 2191 est,
587 2138 700 2193 quod
730 2138 782 2182 de
805 2138 978 2182 Euxeno
1019 2139 1191 2193 eiusque
1229 2139 1413 2183 exercitu
1449 2144 1598 2196 postea
1634 2140 1738 2184 nihil

213 2210 394 2266 amplius
422 2211 467 2252 in
482 2209 722 2253 Helllenicis
740 2210 904 2266 legitur.
961 2210 1127 2253 Priores
1151 2211 1317 2253 omnino
1337 2212 1488 2266 capitis
1514 2216 1539 2253 2
1568 2212 1737 2256 libriIV

214 2282 419 2325 sectiones
448 2282 577 2324 nimia
602 2281 808 2325 brevitate
837 2283 1086 2326 obscuratae
1110 2281 1316 2333 videntur,
1349 2283 1461 2338 quod
1489 2283 1657 2338 plurimi
1674 2285 1735 2327 in·

351 2396 377 2441 ¹)
400 2396 475 2432 Res
498 2397 593 2441 illae,
616 2395 719 2431 Diod.
733 2395 829 2439 XIV,
858 2402 1003 2431 38—82
1027 2395 1230 2431 testimonio
1254 2386 1426 2440 adhibito,
1451 2396 1520 2431 hae
1544 2401 1636 2433 sunt.
1682 2398 1737 2433 Ac

214 2455 365 2499 primum
390 2455 533 2500 quidem
556 2455 732 2490 Ismenias
756 2454 951 2490 Thebanus
976 2465 1056 2489 cum
1081 2454 1228 2489 Boeotis
1256 2458 1292 2489 et
1316 2455 1456 2499 Argivis
1479 2454 1655 2500 Medium,
1683 2460 1738 2502 ty-

213 2524 366 2549 rannum
398 2514 644 2554 Larissaeum‚
679 2513 742 2558 qui
773 2517 899 2548 contra
927 2513 1219 2559 Lycophronem,
1249 2513 1543 2549 Lacedaemoniis
1574 2515 1737 2561 amicum,

215 2573 273 2610 cui
298 2574 439 2610 Pherae
461 2574 638 2610 obnoxiae
662 2578 782 2618 erant,
806 2574 937 2617 stabat,
957 2573 1187 2618 sustentavit,
1209 2578 1249 2608 ut
1271 2573 1367 2609 hunc
1391 2574 1591 2618 opprimere
1614 2579 1738 2621 posset

216 2637 254 2670 et
282 2633 418 2678 plures,
442 2644 532 2680 quas
556 2633 760 2679 Xenophon
784 2637 910 2679 postea
938 2632 1014 2678 (IV,
1040 2639 1072 2677 3,
1097 2632 1132 2677 3)
1158 2632 1307 2679 indicat,
1338 2633 1546 2671 Thessaliae
1576 2635 1738 2673 civitates

214 2694 379 2730 societati
402 2694 574 2730 adiunxit.
621 2694 699 2738 Quo
723 2694 832 2738 facto,
853 2694 1033 2729 Heraclea
1056 2693 1304 2729 Trachiniensi
1326 2699 1538 2738 recuperata
1559 2695 1616 2739 (cf.
1628 2705 1738 2741 supra

212 2761 246 2798 p.
274 2753 332 2798 24)
358 2758 395 2789 et
418 2753 565 2790 foedere
588 2764 668 2790 cum
692 2752 828 2798 Maliis,
851 2752 1123 2797 AthamanibuS,
1147 2753 1227 2789 aliis
1251 2753 1391 2797 populis
1414 2754 1497 2799 icto,
1520 2754 1737 2802 Phocenses,

214 2812 272 2848 cui
291 2812 529 2848 Lacisthenes
542 2812 849 2848 Lacedaemonius
872 2816 1050 2858 praeerat,
1073 2813 1209 2857 proelio
1232 2812 1430 2858 Narycensi
1455 2812 1592 2850 devicit.
1632 2814 1733 2859 Quae

213 2871 333 2909 omnia
361 2871 459 2908 haud
488 2871 539 2908 ita
569 2872 662 2909 levia
689 2872 870 2918 videntur,
911 2877 952 2908 ut
981 2882 1026 2909 ea
1058 2882 1080 2908 a
1110 2871 1349 2917 Xenophonte
1382 2871 1515 2909 omissa
1547 2883 1627 2911 esse
1659 2885 1733 2912 non

212 2940 391 2968 miremur.
