1929 3200
844 177 1126 217 ..44-

226 288 480 345 eripuerunt,
506 287 655 332 melius
681 288 961 340 statuendum,
991 287 1147 333 mentio
1174 287 1236 341 fit,
1264 288 1311 332 id
1336 288 1490 334 aetatis
1516 289 1685 335 omnino
1709 302 1756 335 se

224 360 470 405 habebant?
501 360 650 404 Nonne
670 360 821 404 mirum
843 364 919 414 est,
949 360 1063 416 quod
1086 360 1316 404 certamina
1338 360 1391 404 de
1408 359 1491 405 hac
1513 362 1621 412 urbe
1644 362 1757 406 inter

224 432 406 478 Boeotos
433 436 476 476 et
501 433 665 476 Atticos
692 446 770 489 per
801 433 978 476 multum
1004 432 1205 489 temporis
1233 436 1355 490 gesta
1382 432 1520 488 (Diod.
1548 432 1670 486 XIV,
1700 437 1753 477 17

225 509 270 550 et
292 505 383 558 XV,
411 507 482 560 76)
510 518 683 561 prorsus
712 504 881 549 omisit?
924 504 1043 549 Haec
1073 518 1238 561 quoque
1259 518 1348 559 res,
1380 508 1429 549 ut
1451 506 1563 551 aliae
1585 506 1755 557 multae,

224 592 252 622 a
273 581 364 621 toto
392 577 593 621 historiae
620 590 793 632 corpore
820 577 928 621 adeo
955 577 1119 621 divulsa
1145 591 1237 621 esse
1263 576 1450 629 videtur,
1479 581 1528 621 ut
1554 577 1754 633 reliquias

223 648 477 694 narrationis
506 649 778 693 accuratioris
809 662 902 692 eam
930 662 1024 692 esse
1052 648 1329 692 conjiciamus.
1374 652 1379 657 '

360 720 443 764 Sed
469 720 595 764 finem
626 720 829 763 faciamus
857 720 981 763 huius
1009 720 1326 777 disputationis,
1360 719 1438 767 cui:
1464 720 1568 763 vitia
1605 723 1649 763 et
1673 719 1752 763 vir·
1820 763 1822 765 ,

224 794 337 836 tutes
371 791 681 835 Hellenicorum
726 791 905 835 maxime
942 792 1169 848 conspicua
1204 790 1457 848 investigare
1491 792 1752 848 propositum

223 862 314 906 fuit.
370 863 500 907 Haud
524 863 695 907 difficile
720 866 805 914 est,
834 863 908 914 iis,
939 869 1047 918 quae
1074 863 1329 914 notavimuS,
1365 864 1498 907 multa
1521 863 1751 908 consimilia

223 934 423 986 adiicere,
462 934 568 978 haec
595 938 736 978 autem
764 934 821 978 ad
849 938 1008 978 certum
1037 935 1090 978 de
1127 934 1200 978 illo
1237 947 1365 990 opere
1393 935 1592 979 iudicium
1618 934 1750 979 feren·
1822 930 1830 938 ’

224 1005 324 1048 dum
366 1006 471 1049 satis
507 1006 703 1050 videntur
741 1019 845 1050 esse.
920 1005 1200 1061 Quaecunque
1236 1006 1486 1061 epitomator
1519 1006 1750 1051 invidiosus

222 1077 322 1120 inde
349 1077 544 1129 abstulit,
575 1091 779 1121 summam
810 1081 950 1120 tamen
978 1077 1163 1127 laudem,
1202 1091 1310 1132 quae
1336 1077 1381 1120 in
1408 1090 1549 1120 rerum
1577 1079 1749 1135 scripto—

222 1161 311 1190 rem
339 1148 465 1200 cadit,
494 1149 783 1205 integritatem
808 1148 953 1192 iudicii
980 1162 1116 1203 neque
1140 1149 1206 1191 ira
1233 1162 1367 1203 neque
1396 1149 1535 1193 studio
1564 1150 1748 1206 corrupti

221 1218 489 1274 Xenophonti
515 1233 781 1277 nequaquam
808 1219 1073 1264 tribuendam
1098 1232 1191 1263 esse
1214 1232 1375 1263 censeo.
