1929 3200
842 133 1124 205 ..35-

211 270 313 325 erat,
341 282 469 325 quum
497 266 909 325 proelii-Cnidensis,
938 267 1013 313 ubi
1041 270 1218 324 uterque
1247 268 1529 323 dimicaverat,
1557 267 1730 318 mentie-

207 352 311 397 ῃρῃῃ,
329 339 488 395 faceret
516 338 675 390 (111,.4,
707 344 763 393 2).
792 377 794 380 ,
820 330 937 393 Quae
964 340 1017 384 de
1046 341 1195 383 ceteris
1222 341 1368 397 rebus,
1395 355 1501 396 quas
1522 341 1654 386 Persa
1686 344 1731 390 et

204 410 470 473 Atheniensis
485 414 723 467 gesserunt,
753 412 940 467 legimus,
964 410 1081 459 haud
1107 412 1376 468 indiligenter
1400 416 1498 456 sunt
1526 413 1727 469 exposita,

207 484 256 532 ut
283 481 392 540 duae
422 484 586 524 tantum
609 495 678 530 res
708 482 1012 529 desiderentur.
1069 482 1177 528 Nam
1203 497 1338 539 neque
1367 484 1419 528 de
1443 483 1591 527 Rhodo
1617 484 1729 530 insu-

210 553 265 605 la,
296 567 432 608 quam,
462 553 659 609 Agesilao
683 553 729 595 in
765 553 868 612 Asia
911 544 1210 607 commorante,
1251 569 1278 598 a
1306 555 1730 604 Lacedaemoniorum

208 640 337 681 causa
368 626 548 672 Cononis
587 625 789 682 impulsu.
808 625 1009 670 defecisse
1036 625 1174 672 Diod.
1213 626 1321 680 XIV,
1362 632 1386 670 7
1391 631 1528 672 9--73
1573 630 1729 680 narrat,

134 724 140 732 ·
202 698 373 746 uberius
396 698 557 753 aliquid
584 697 714 741 habet
742 711 876 753 neque
904 697 956 740 de
985 697 1207 754 Euagorae
1233 700 1345 755 regis
1367 698 1494 755 Cypri
1527 713 1621 745 cum
1633 699 1731 743 Per-

120 768 122 770 ’
202 771 261 825 sis
288 770 522 819 rationibus
551 769 931 824 certaminibusque
947 784 1082 826 neque
1111 770 1164 814 de
1183 771 1433 822 constantia,
1462 785 1546 826 qua
1563 771 1618 819 ab
1640 770 1731 825 eius

203 841 402 887 societate
431 839 707 887 Athenienses
736 843 952 891 steterunt,
986 842 1152 885 omnino
1174 841 1401 896 quidquam
1427 844 1732 886 commemorat.

201 913 268 962 An
293 912 399 955 haec
426 912 566 957 omnia
601 912 712 961 inter
746 925 814 955 res
849 908 905 973 μὴ
943 908 1064 966 ἀξίας
1104 909 1236 970 λόγου
1273 912 1361 965 (IV,
1391 918 1430 964 8,
1462 917 1505 965 1)
1549 912 1730 956 habuit?

200 983 438 1035 Praeterea,
468 982 513 1028 id
538 982 651 1039 quod
677 982 722 1027 in
750 982 951 1040 Agesilao
976 984 1105 1028 toties
1133 997 1270 1040 neque
1297 996 1396 1027 raro
1420 984 1466 1027 in
1493 983 1616 1027 factis
1640 983 1731 1027 eius

200 1055 316 1101 haud
344 1056 407 1098 ita
434 1055 576 1110 magni
603 1055 800 1098 momenti
827 1068 911 1097 non
936 1055 1134 1114 negligit,
1162 1056 1290 1099 rebus
1326 1070 1353 1099 a
1371 1076 1374 1079 ·
1392 1055 1559 1099 Conone
1599 1055 1731 1111 gestis

202 1128 375 1182 eiusque
404 1126 574 1171 summis
601 1125 647 1171 in
670 1125 855 1181 patrium
872 1126 1033 1172 meritis
1064 1139 1117 1170 ne
1136 1126 1348 1170 minimam
1376 1125 1545 1182 quidem
1561 1125 1731 1169 laudem

200 1198 359 1249 tribuit-
417 1197 519 1249 Quis
543 1200 684 1240 autem
713 1210 806 1241 eum
820 1230 830 1248 ,
868 1197 986 1241 cuius
1016 1197 1106 1241 sola
1144 1198 1299 1242 virtute
1338 1201 1381 1241 et
1418 1197 1731 1253 perseverantia

202 1269 395 1326 effectum
426 1272 500 1320 est,
530 1272 578 1311 ut
604 1268 890 1316 firmissimum
914 1267 1174 1314 Athenarum
1196 1268 1455 1325 praesidium
1480 1272 1523 1313 et
1546 1282 1730 1326 propug-

201 1340 395 1396 naculum
422 1342 723 1390 renasceretur,
752 1352 779 1384 a
807 1339 1011 1394 scriptore
1039 1352 1180 1383 rerum
1208 1340 1545 1392 Atheniensium,
1587 1340 1661 1395 qui
1688 1343 1731 1383 et

200 1415 293 1469 ipse
310 1412 485 1457 Athenis
514 1412 715 1455 oriundus
745 1414 847 1461 erat,
876 1423 1137 1466 summopere
1173 1412 1339 1455 laudari
1373 1425 1458 1455 non
1489 1415 1728 1467 expectave-

200 1485 292 1529 rit‘?
349 1482 495 1538 Neque
523 1496 647 1538 quem
672 1482 784 1527 vitae
798 1482 955 1529 exitum
973 1481 1169 1527 habuerit
1193 1482 1257 1527 vir
1280 1482 1587 1533 celeberrimus,
1614 1481 1729 1539 apud

202 1555 519 1610 Xenophontem
547 1554 767 1598 invenitur.
825 1554 939 1596 Num
968 1555 1013 1596 in
1041 1555 1240 1606 vinculis,
1276 1568 1360 1609 quo
1388 1554 1607 1598 Tiribazus
1635 1568 1729 1597 eum

202 1628 434 1671 coniecerat
460 1625 547 1676 (IV,
580 1628 616 1677 5,
638 1630 717 1677 16),
744 1638 982 1685 supremum
1016 1625 1126 1668 diem
1152 1625 1286 1670 obiit‘?
1343 1624 1577 1680 Xenophon
1602 1639 1729 1679 quum

201 1698 310 1742 hanc
335 1696 424 1739 eius
454 1695 739 1740 calamitatem
786 1696 996 1748 narravit,
1047 1710 1131 1739 non
1183 1697 1363 1751 amplius
1419 1709 1514 1739 eum
1553 1709 1728 1739 comme-

200 1774 347 1822 morat,
379 1770 499 1824 quasi
525 1769 639 1813 haud
667 1772 840 1825 gravate
868 1769 1110 1813 memoriam
1149 1770 1249 1821 viri,
1286 1770 1358 1825 qui
1397 1769 1647 1814 acerrimum
1680 1769 1728 1813 id

200 1843 400 1898 temporis
427 1841 712 1885 adversarium
739 1841 1083 1885 Lacedaemoniis
1123 1855 1167 1884 se
1194 1841 1466 1896 praebuerat,
1503 1841 1727 1897 deponens.

335 1912 457 1956 Nunc
483 1913 540 1957 ad
567 1926 714 1967 pacem
740 1912 988 1961 Antalcidae
1016 1912 1201 1964 venitur,
1239 1912 1292 1956 de
1318 1927 1402 1967 qua
1419 1913 1657 1959 necessaria
1684 1914 1729 1956 et

202 1988 432 2032 memoratu
462 1983 591 2039 digna
619 1982 853 2040 Xenophon
882 1982 1016 2026 affert.
1074 1982 1191 2034 Quae
1219 1997 1304 2026 non
1330 1983 1459 2026 multo
1488 1986 1588 2027 ante
1617 1982 1728 2027 hanc

125 2047 128 2050 ¹
201 2069 290 2102 rem
317 2058 404 2097 tam
433 2054 721 2110 gravissimam
748 2053 861 2097 facta
883 2057 990 2106 sunt,
1020 2054 1298 2108 probabiliter
1316 2054 1497 2110 exponit,
1527 2054 1563 2096 si
1591 2066 1728 2109 pauca

202 2125 424 2180 exceperis
483 2124 585 2176 Quis
612 2125 692 2168 fuit
724 2124 962 2175 Eteonicus,
992 2137 1114 2178 quem
1157 2120 1290 2167 πάλιν
1320 2125 1523 2180 Aeginam
1566 2125 1730 2167 venisse

202 2196 305 2238 dicit
342 2195 406 2247 (V,
435 2200 482 2245 1,
516 2201 576 2247 1),
615 2208 852 2249 quanquam
889 2209 984 2237 eum
1027 2209 1213 2249 unquam
1252 2199 1378 2239 antea
1414 2209 1463 2239 eo
1496 2195 1730 2250 profectum

201 2281 293 2317 esse
318 2280 400 2310 non
430 2266 672 2310 audivimus.
731 2265 797 2307 An
825 2265 949 2317 idem,
982 2266 1100 2308 cuius
1130 2266 1289 2309 astutia
1317 2266 1362 2309 in
1382 2266 1509 2310 rebus
1538 2265 1729 2322 angustis

199 2339 252 2391 II,
284 2341 355 2389 1,5
383 2338 580 2380 laudatur
594 2342 614 2380 t>
672 2337 801 2379 Moris
829 2341 894 2380 est
922 2337 1211 2392 Xenophontis
1240 2338 1285 2379 in
1313 2337 1553 2389 Hellenicis,
1583 2341 1631 2380 ut
1658 2351 1730 2380 no-

202 2409 383 2452 minibus
412 2409 593 2464 propriis
622 2422 795 2463 perraro
823 2408 959 2463 patris
984 2422 1135 2452 nomen
1163 2408 1357 2460 adiiciat,
1397 2409 1516 2453 cuius
1544 2409 1608 2452 rei
1645 2422 1730 2452 am-

201 2479 428 2536 biguitates
476 2478 693 2522 efficientis
776 2479 861 2522 iam
925 2492 1054 2534 supra
1108 2479 1153 2521 in
1218 2479 1384 2523 nomine
1444 2479 1730 2535 Euryptolemi

201 2551 434 2605 exemplum
472 2550 700 2605 reperimus
736 2549 805 2601 (cf.
847 2550 1042 2605 Cyprian.
1080 2550 1136 2592 ad
1178 2550 1217 2593 h.
1257 2551 1285 2593 l.
1310 2565 1350 2606 p.
1391 2556 1474 2602 79).
1541 2550 1731 2593 Eandem

203 2621 492 2665 difficultatem
531 2621 651 2665 nobis
687 2620 832 2665 obiicit
867 2620 1014 2665 vocula
1048 2615 1183 2665 πάλιν
1217 2622 1263 2665 in
1293 2620 1341 2673 V,
1375 2626 1410 2673 1,
1443 2624 1481 2664 5.
1536 2620 1729 2678 Namque

201 2697 239 2749 ξ.
271 2697 295 2735 3
325 2694 386 2735 ita
415 2693 560 2736 scribit
591 2692 846 2748 Xenophon:
873 2691 923 2734 ἐκ
960 2692 1007 2734 δὲ
1045 2688 1208 2735 τούτου
1248 2689 1338 2735 α’πὸ
1374 2692 1729 2749 Λακεδαιμονίων

193 2759 328 2822 Ἱέραξ
354 2759 570 2821 ναύαρχος
597 2760 844 2818 ἀφικνεῖται
870 2764 941 2806 καὶ
967 2759 1293 2821 παραλαμβάνει
1311 2762 1362 2808 τὸ
1384 2759 1593 2808 ναυτικόν
1625 2763 1728 2816 (scil.

200 2833 253 2878 τὸ
281 2833 329 2878 ἐν
355 2835 537 2891 Αἰγίνῃ).
597 2835 701 2878 Tum
729 2838 765 2892 §.
792 2840 831 2880 4.
862 2836 1071 2880 discessus
1097 2836 1332 2888 Teleutiae,
1372 2836 1489 2879 cuius
1527 2836 1727 2880 inlocum

201 2907 360 2958 Hierax
397 2910 678 2960 successerat,
719 2911 914 2953 accurate
952 2907 1216 2952 describitur.
1274 2907 1366 2961 Quo
1396 2907 1508 2951 facto
1547 2911 1585 2963 ξ.
1615 2911 1640 2951 5
1665 2908 1727 2956 ita

1401 2975 1462 3020 3⁸
