<?xml version="1.0" encoding="UTF-8"?>
<!DOCTYPE html PUBLIC "-//W3C//DTD XHTML 1.0 Transitional//EN"
    "http://www.w3.org/TR/xhtml1/DTD/xhtml1-transitional.dtd">
<html xmlns="http://www.w3.org/1999/xhtml" xml:lang="en" lang="en">
 <head>
  <title>
</title>
<meta http-equiv="Content-Type" content="text/html;charset=utf-8" />
  <meta name='ocr-system' content='tesseract 3.04.00' />
  <meta name='ocr-capabilities' content='ocr_page ocr_carea ocr_par ocr_line ocrx_word'/>
</head>
<body>
  <div class='ocr_page' id='page_1' title='image "4626076_0013.png"; bbox 0 0 1929 3200; ppageno 0'>
   <div class='ocr_carea' id='block_1_1' title="bbox 870 154 1121 201">
    <p class='ocr_par' dir='ltr' id='par_1_1' title="bbox 870 154 1121 201">
     <span class='ocr_line' id='line_1_1' title="bbox 870 154 1121 201; baseline 0.004 -11"><span class='ocrx_word' id='word_1_1' title='bbox 870 154 1121 201; x_wconf 77' lang='lat'><strong>-5-</strong></span> 
     </span>
    </p>
   </div>
   <div class='ocr_carea' id='block_1_2' title="bbox 193 267 1786 1981">
    <p class='ocr_par' dir='ltr' id='par_1_2' title="bbox 193 267 1786 1981">
     <span class='ocr_line' id='line_1_2' title="bbox 211 267 1744 329; baseline 0 -15"><span class='ocrx_word' id='word_1_2' title='bbox 211 268 350 315; x_wconf 85' lang='lat' dir='ltr'><strong>lenica</strong></span> <span class='ocrx_word' id='word_1_3' title='bbox 375 269 422 314; x_wconf 84' lang='lat' dir='ltr'><strong>in</strong></span> <span class='ocrx_word' id='word_1_4' title='bbox 445 270 629 328; x_wconf 88' lang='lat' dir='ltr'><strong>quinque</strong></span> <span class='ocrx_word' id='word_1_5' title='bbox 658 269 961 329; x_wconf 73' lang='lat' dir='ltr'><strong>posterioribus</strong></span> <span class='ocrx_word' id='word_1_6' title='bbox 985 270 1105 317; x_wconf 90' lang='lat' dir='ltr'><strong>libris</strong></span> <span class='ocrx_word' id='word_1_7' title='bbox 1129 283 1308 328; x_wconf 83' lang='lat' dir='ltr'><strong>magnus</strong></span> <span class='ocrx_word' id='word_1_8' title='bbox 1334 269 1525 327; x_wconf 82' lang='lat' dir='ltr'><strong>locorum</strong></span> <span class='ocrx_word' id='word_1_9' title='bbox 1545 267 1744 314; x_wconf 87' lang='lat' dir='ltr'><strong>numerus</strong></span> 
     </span>
     <span class='ocr_line' id='line_1_3' title="bbox 209 341 1743 401; baseline -0.001 -14"><span class='ocrx_word' id='word_1_10' title='bbox 209 342 409 396; x_wconf 79' lang='lat' dir='ltr'><strong>occurrit,</strong></span> <span class='ocrx_word' id='word_1_11' title='bbox 449 357 553 399; x_wconf 91' lang='lat' dir='ltr'><strong>quos</strong></span> <span class='ocrx_word' id='word_1_12' title='bbox 580 346 631 387; x_wconf 94' lang='lat' dir='ltr'><strong>ut</strong></span> <span class='ocrx_word' id='word_1_13' title='bbox 654 343 756 400; x_wconf 89' lang='lat' dir='ltr'><strong>quid</strong></span> <span class='ocrx_word' id='word_1_14' title='bbox 786 357 839 388; x_wconf 87' lang='lat' dir='ltr'><strong>ex</strong></span> <span class='ocrx_word' id='word_1_15' title='bbox 865 343 1013 397; x_wconf 51' lang='lat' dir='ltr'><strong>rebus,</strong></span> <span class='ocrx_word' id='word_1_16' title='bbox 1051 358 1158 401; x_wconf 87' lang='lat' dir='ltr'><strong>quas</strong></span> <span class='ocrx_word' id='word_1_17' title='bbox 1195 344 1319 388; x_wconf 88' lang='lat' dir='ltr'><strong>modo</strong></span> <span class='ocrx_word' id='word_1_18' title='bbox 1347 346 1613 397; x_wconf 78' lang='lat' dir='ltr'><strong>narraverat,</strong></span> <span class='ocrx_word' id='word_1_19' title='bbox 1658 341 1743 386; x_wconf 83' lang='lat' dir='ltr'><strong>dis·</strong></span> 
     </span>
     <span class='ocr_line' id='line_1_4' title="bbox 211 413 1743 471; baseline 0 -14"><span class='ocrx_word' id='word_1_20' title='bbox 211 414 389 458; x_wconf 87' lang='lat' dir='ltr'><strong>cendum</strong></span> <span class='ocrx_word' id='word_1_21' title='bbox 414 418 547 467; x_wconf 90' lang='lat' dir='ltr'><strong>esset,</strong></span> <span class='ocrx_word' id='word_1_22' title='bbox 583 415 842 471; x_wconf 87' lang='lat' dir='ltr'><strong>interposuit.</strong></span> <span class='ocrx_word' id='word_1_23' title='bbox 859 418 888 469; x_wconf 82' lang='grc'><strong>1)</strong></span> <span class='ocrx_word' id='word_1_24' title='bbox 948 415 994 459; x_wconf 85' lang='lat' dir='ltr'><strong>Si</strong></span> <span class='ocrx_word' id='word_1_25' title='bbox 1021 419 1183 460; x_wconf 88' lang='lat' dir='ltr'><strong>attente</strong></span> <span class='ocrx_word' id='word_1_26' title='bbox 1211 428 1282 459; x_wconf 90' lang='lat' dir='ltr'><strong>eos</strong></span> <span class='ocrx_word' id='word_1_27' title='bbox 1311 415 1641 465; x_wconf 72' lang='lat' dir='ltr'><strong>consideramus,</strong></span> <span class='ocrx_word' id='word_1_28' title='bbox 1665 413 1743 457; x_wconf 87' lang='lat' dir='ltr'><strong>mi-</strong></span> 
     </span>
     <span class='ocr_line' id='line_1_5' title="bbox 209 486 1743 545; baseline 0.001 -15"><span class='ocrx_word' id='word_1_29' title='bbox 209 499 365 541; x_wconf 89' lang='lat' dir='ltr'><strong>ramur,</strong></span> <span class='ocrx_word' id='word_1_30' title='bbox 393 500 518 544; x_wconf 90' lang='lat' dir='ltr'><strong>quam</strong></span> <span class='ocrx_word' id='word_1_31' title='bbox 546 486 657 533; x_wconf 86' lang='lat' dir='ltr'><strong>leves</strong></span> <span class='ocrx_word' id='word_1_32' title='bbox 686 490 729 533; x_wconf 93' lang='lat' dir='ltr'><strong>et</strong></span> <span class='ocrx_word' id='word_1_33' title='bbox 751 487 972 545; x_wconf 78' lang='lat' dir='ltr'><strong>simplices,</strong></span> <span class='ocrx_word' id='word_1_34' title='bbox 1003 501 1128 545; x_wconf 87' lang='lat' dir='ltr'><strong>quam</strong></span> <span class='ocrx_word' id='word_1_35' title='bbox 1147 487 1254 533; x_wconf 88' lang='lat' dir='ltr'><strong>nihil</strong></span> <span class='ocrx_word' id='word_1_36' title='bbox 1273 487 1449 533; x_wconf 91' lang='lat' dir='ltr'><strong>subtiles</strong></span> <span class='ocrx_word' id='word_1_37' title='bbox 1467 486 1553 533; x_wconf 93' lang='lat' dir='ltr'><strong>sint</strong></span> <span class='ocrx_word' id='word_1_38' title='bbox 1576 488 1620 532; x_wconf 94' lang='lat' dir='ltr'><strong>et</strong></span> <span class='ocrx_word' id='word_1_39' title='bbox 1646 499 1743 531; x_wconf 89' lang='lat' dir='ltr'><strong>auc-</strong></span> 
     </span>
     <span class='ocr_line' id='line_1_6' title="bbox 210 558 1742 615; baseline 0 -13"><span class='ocrx_word' id='word_1_40' title='bbox 210 560 344 603; x_wconf 90' lang='lat' dir='ltr'><strong>torem</strong></span> <span class='ocrx_word' id='word_1_41' title='bbox 372 558 417 602; x_wconf 92' lang='lat' dir='ltr'><strong>in</strong></span> <span class='ocrx_word' id='word_1_42' title='bbox 443 559 583 611; x_wconf 89' lang='lat' dir='ltr'><strong>rebus,</strong></span> <span class='ocrx_word' id='word_1_43' title='bbox 614 572 718 615; x_wconf 88' lang='lat' dir='ltr'><strong>quas</strong></span> <span class='ocrx_word' id='word_1_44' title='bbox 750 562 909 611; x_wconf 89' lang='lat' dir='ltr'><strong>narrat,</strong></span> <span class='ocrx_word' id='word_1_45' title='bbox 934 559 1041 603; x_wconf 89' lang='lat' dir='ltr'><strong>nihil</strong></span> <span class='ocrx_word' id='word_1_46' title='bbox 1068 560 1185 605; x_wconf 89' lang='lat' dir='ltr'><strong>aliud</strong></span> <span class='ocrx_word' id='word_1_47' title='bbox 1210 560 1366 604; x_wconf 80' lang='lat' dir='ltr'><strong>vidisse</strong></span> <span class='ocrx_word' id='word_1_48' title='bbox 1392 559 1475 602; x_wconf 92' lang='lat' dir='ltr'><strong>nisi</strong></span> <span class='ocrx_word' id='word_1_49' title='bbox 1504 558 1618 615; x_wconf 86' lang='lat' dir='ltr'><strong>quod</strong></span> <span class='ocrx_word' id='word_1_50' title='bbox 1641 561 1742 602; x_wconf 86' lang='lat' dir='ltr'><strong>ante</strong></span> 
     </span>
     <span class='ocr_line' id='line_1_7' title="bbox 208 630 1740 687; baseline -0.001 -12"><span class='ocrx_word' id='word_1_51' title='bbox 208 631 338 687; x_wconf 90' lang='lat' dir='ltr'><strong>pedes</strong></span> <span class='ocrx_word' id='word_1_52' title='bbox 370 635 446 684; x_wconf 89' lang='lat' dir='ltr'><strong>est,</strong></span> <span class='ocrx_word' id='word_1_53' title='bbox 475 632 682 675; x_wconf 89' lang='lat' dir='ltr'><strong>communi</strong></span> <span class='ocrx_word' id='word_1_54' title='bbox 708 631 1023 687; x_wconf 88' lang='lat' dir='ltr'><strong>intelligentiae,</strong></span> <span class='ocrx_word' id='word_1_55' title='bbox 1054 633 1181 677; x_wconf 90' lang='lat' dir='ltr'><strong>etiam</strong></span> <span class='ocrx_word' id='word_1_56' title='bbox 1210 635 1382 676; x_wconf 90' lang='lat' dir='ltr'><strong>auctore</strong></span> <span class='ocrx_word' id='word_1_57' title='bbox 1405 645 1490 676; x_wconf 91' lang='lat' dir='ltr'><strong>non</strong></span> <span class='ocrx_word' id='word_1_58' title='bbox 1516 630 1740 682; x_wconf 85' lang='lat' dir='ltr'><strong>indicante,</strong></span> 
     </span>
     <span class='ocr_line' id='line_1_8' title="bbox 206 701 1741 760; baseline -0.001 -13"><span class='ocrx_word' id='word_1_59' title='bbox 206 701 379 758; x_wconf 88' lang='lat' dir='ltr'><strong>planum</strong></span> <span class='ocrx_word' id='word_1_60' title='bbox 414 705 457 747; x_wconf 92' lang='lat' dir='ltr'><strong>et</strong></span> <span class='ocrx_word' id='word_1_61' title='bbox 479 702 755 760; x_wconf 88' lang='lat' dir='ltr'><strong>perspicuum.</strong></span> <span class='ocrx_word' id='word_1_62' title='bbox 814 702 879 746; x_wconf 88' lang='lat' dir='ltr'><strong>Ex</strong></span> <span class='ocrx_word' id='word_1_63' title='bbox 916 703 969 747; x_wconf 91' lang='lat' dir='ltr'><strong>iis</strong></span> <span class='ocrx_word' id='word_1_64' title='bbox 998 703 1154 757; x_wconf 92' lang='lat' dir='ltr'><strong>elucet,</strong></span> <span class='ocrx_word' id='word_1_65' title='bbox 1194 716 1321 760; x_wconf 91' lang='lat' dir='ltr'><strong>quam</strong></span> <span class='ocrx_word' id='word_1_66' title='bbox 1354 702 1460 747; x_wconf 88' lang='lat' dir='ltr'><strong>nihil</strong></span> <span class='ocrx_word' id='word_1_67' title='bbox 1483 701 1670 759; x_wconf 90' lang='lat' dir='ltr'><strong>amplum</strong></span> <span class='ocrx_word' id='word_1_68' title='bbox 1697 703 1741 745; x_wconf 90' lang='lat' dir='ltr'><strong>et</strong></span> 
     </span>
     <span class='ocr_line' id='line_1_9' title="bbox 205 773 1740 832; baseline -0.002 -13"><span class='ocrx_word' id='word_1_69' title='bbox 205 775 294 819; x_wconf 83' lang='lat' dir='ltr'><strong>late</strong></span> <span class='ocrx_word' id='word_1_70' title='bbox 320 778 470 831; x_wconf 89' lang='lat' dir='ltr'><strong>patens</strong></span> <span class='ocrx_word' id='word_1_71' title='bbox 501 775 629 819; x_wconf 88' lang='lat' dir='ltr'><strong>fuerit</strong></span> <span class='ocrx_word' id='word_1_72' title='bbox 655 775 893 827; x_wconf 85' lang='lat' dir='ltr'><strong>consilium,</strong></span> <span class='ocrx_word' id='word_1_73' title='bbox 930 775 1043 831; x_wconf 90' lang='lat' dir='ltr'><strong>quod</strong></span> <span class='ocrx_word' id='word_1_74' title='bbox 1082 790 1209 832; x_wconf 92' lang='lat' dir='ltr'><strong>quum</strong></span> <span class='ocrx_word' id='word_1_75' title='bbox 1235 775 1434 820; x_wconf 81' lang='lat' dir='ltr'><strong>historias</strong></span> <span class='ocrx_word' id='word_1_76' title='bbox 1463 788 1565 819; x_wconf 84' lang='lat' dir='ltr'><strong>suae</strong></span> <span class='ocrx_word' id='word_1_77' title='bbox 1586 773 1740 818; x_wconf 84' lang='lat' dir='ltr'><strong>aetatis</strong></span> 
     </span>
     <span class='ocr_line' id='line_1_10' title="bbox 207 845 1740 905; baseline -0.001 -14"><span class='ocrx_word' id='word_1_78' title='bbox 207 846 531 891; x_wconf 85' lang='lat' dir='ltr'><strong>conscribendas</strong></span> <span class='ocrx_word' id='word_1_79' title='bbox 568 847 810 903; x_wconf 86' lang='lat' dir='ltr'><strong>susciperet,</strong></span> <span class='ocrx_word' id='word_1_80' title='bbox 837 846 1072 904; x_wconf 83' lang='lat' dir='ltr'><strong>Xenophon</strong></span> <span class='ocrx_word' id='word_1_81' title='bbox 1097 847 1179 892; x_wconf 91' lang='lat' dir='ltr'><strong>sibi</strong></span> <span class='ocrx_word' id='word_1_82' title='bbox 1205 846 1438 905; x_wconf 78' lang='lat' dir='ltr'><strong>proposuit.</strong></span> <span class='ocrx_word' id='word_1_83' title='bbox 1492 845 1657 899; x_wconf 77' lang='lat' dir='ltr'><strong>Nescit,</strong></span> <span class='ocrx_word' id='word_1_84' title='bbox 1691 847 1740 889; x_wconf 88' lang='lat' dir='ltr'><strong>ut</strong></span> 
     </span>
     <span class='ocr_line' id='line_1_11' title="bbox 209 912 1740 975; baseline -0.001 -14"><span class='ocrx_word' id='word_1_85' title='bbox 209 912 490 975; x_wconf 78' lang='lat' dir='ltr'><strong>Thucydides,</strong></span> <span class='ocrx_word' id='word_1_86' title='bbox 525 931 648 974; x_wconf 91' lang='lat' dir='ltr'><strong>quem</strong></span> <span class='ocrx_word' id='word_1_87' title='bbox 676 931 812 974; x_wconf 91' lang='lat' dir='ltr'><strong>neque</strong></span> <span class='ocrx_word' id='word_1_88' title='bbox 840 920 933 962; x_wconf 88' lang='lat' dir='ltr'><strong>arte</strong></span> <span class='ocrx_word' id='word_1_89' title='bbox 961 918 1173 963; x_wconf 88' lang='lat' dir='ltr'><strong>scribendi</strong></span> <span class='ocrx_word' id='word_1_90' title='bbox 1199 932 1335 975; x_wconf 90' lang='lat' dir='ltr'><strong>neque</strong></span> <span class='ocrx_word' id='word_1_91' title='bbox 1362 917 1522 975; x_wconf 88' lang='lat' dir='ltr'><strong>ingenii</strong></span> <span class='ocrx_word' id='word_1_92' title='bbox 1547 916 1740 962; x_wconf 86' lang='lat' dir='ltr'><strong>acumine</strong></span> 
     </span>
     <span class='ocr_line' id='line_1_12' title="bbox 206 988 1740 1050; baseline -0.001 -15"><span class='ocrx_word' id='word_1_93' title='bbox 206 993 423 1047; x_wconf 78' lang='lat' dir='ltr'><strong>exaequat,</strong></span> <span class='ocrx_word' id='word_1_94' title='bbox 450 990 633 1036; x_wconf 88' lang='lat' dir='ltr'><strong>occultas</strong></span> <span class='ocrx_word' id='word_1_95' title='bbox 660 1005 801 1036; x_wconf 88' lang='lat' dir='ltr'><strong>rerum</strong></span> <span class='ocrx_word' id='word_1_96' title='bbox 828 1005 978 1037; x_wconf 86' lang='lat' dir='ltr'><strong>causas</strong></span> <span class='ocrx_word' id='word_1_97' title='bbox 997 991 1175 1050; x_wconf 90' lang='lat' dir='ltr'><strong>-penitus</strong></span> <span class='ocrx_word' id='word_1_98' title='bbox 1201 991 1460 1049; x_wconf 82' lang='lat' dir='ltr'><strong>perspicere,</strong></span> <span class='ocrx_word' id='word_1_99' title='bbox 1487 988 1642 1034; x_wconf 89' lang='lat' dir='ltr'><strong>multas</strong></span> <span class='ocrx_word' id='word_1_100' title='bbox 1669 1001 1740 1033; x_wconf 85' lang='lat' dir='ltr'><strong>res</strong></span> 
     </span>
     <span class='ocr_line' id='line_1_13' title="bbox 206 1061 1741 1120; baseline 0 -15"><span class='ocrx_word' id='word_1_101' title='bbox 206 1075 291 1105; x_wconf 93' lang='lat' dir='ltr'><strong>uno</strong></span> <span class='ocrx_word' id='word_1_102' title='bbox 328 1065 554 1119; x_wconf 89' lang='lat' dir='ltr'><strong>conspectu</strong></span> <span class='ocrx_word' id='word_1_103' title='bbox 587 1063 938 1120; x_wconf 88' lang='lat' dir='ltr'><strong>comprehendere</strong></span> <span class='ocrx_word' id='word_1_104' title='bbox 969 1067 1013 1108; x_wconf 91' lang='lat' dir='ltr'><strong>et</strong></span> <span class='ocrx_word' id='word_1_105' title='bbox 1041 1063 1248 1120; x_wconf 92' lang='lat' dir='ltr'><strong>quomodo</strong></span> <span class='ocrx_word' id='word_1_106' title='bbox 1274 1063 1331 1108; x_wconf 93' lang='lat' dir='ltr'><strong>ad</strong></span> <span class='ocrx_word' id='word_1_107' title='bbox 1356 1076 1486 1107; x_wconf 91' lang='lat' dir='ltr'><strong>unum</strong></span> <span class='ocrx_word' id='word_1_108' title='bbox 1513 1061 1741 1112; x_wconf 84' lang='lat' dir='ltr'><strong>maximum</strong></span> 
     </span>
     <span class='ocr_line' id='line_1_14' title="bbox 193 1133 1740 1191; baseline 0 -15"><span class='ocrx_word' id='word_1_109' title='bbox 193 1137 398 1177; x_wconf 73' lang='lat' dir='ltr'><strong>&#39;eventum</strong></span> <span class='ocrx_word' id='word_1_110' title='bbox 433 1135 781 1189; x_wconf 82' lang='lat' dir='ltr'><strong>conspiraverint,</strong></span> <span class='ocrx_word' id='word_1_111' title='bbox 820 1149 966 1178; x_wconf 87' lang='lat' dir='ltr'><strong>eruere</strong></span> <span class='ocrx_word' id='word_1_112' title='bbox 1004 1138 1047 1179; x_wconf 91' lang='lat' dir='ltr'><strong>et</strong></span> <span class='ocrx_word' id='word_1_113' title='bbox 1084 1135 1304 1191; x_wconf 87' lang='lat' dir='ltr'><strong>explicare.</strong></span> <span class='ocrx_word' id='word_1_114' title='bbox 1363 1133 1425 1178; x_wconf 90' lang='lat' dir='ltr'><strong>Ut</strong></span> <span class='ocrx_word' id='word_1_115' title='bbox 1460 1133 1543 1177; x_wconf 89' lang='lat' dir='ltr'><strong>duo</strong></span> <span class='ocrx_word' id='word_1_116' title='bbox 1573 1135 1740 1177; x_wconf 89' lang='lat' dir='ltr'><strong>tantum</strong></span> 
     </span>
     <span class='ocr_line' id='line_1_15' title="bbox 206 1203 1738 1263; baseline -0.001 -14"><span class='ocrx_word' id='word_1_117' title='bbox 206 1204 396 1260; x_wconf 86' lang='lat' dir='ltr'><strong>exempla</strong></span> <span class='ocrx_word' id='word_1_118' title='bbox 436 1203 630 1259; x_wconf 83' lang='lat' dir='ltr'><strong>afferam,</strong></span> <span class='ocrx_word' id='word_1_119' title='bbox 660 1205 979 1262; x_wconf 89' lang='lat' dir='ltr'><strong>Xenophontem</strong></span> <span class='ocrx_word' id='word_1_120' title='bbox 1005 1219 1178 1263; x_wconf 88' lang='lat' dir='ltr'><strong>prorsus</strong></span> <span class='ocrx_word' id='word_1_121' title='bbox 1215 1206 1324 1263; x_wconf 86' lang='lat' dir='ltr'><strong>fugit</strong></span> <span class='ocrx_word' id='word_1_122' title='bbox 1341 1238 1351 1257; x_wconf 92' lang='lat'><strong>,</strong></span> <span class='ocrx_word' id='word_1_123' title='bbox 1390 1204 1539 1261; x_wconf 89' lang='lat' dir='ltr'><strong>quanti</strong></span> <span class='ocrx_word' id='word_1_124' title='bbox 1574 1203 1631 1248; x_wconf 90' lang='lat' dir='ltr'><strong>ad</strong></span> <span class='ocrx_word' id='word_1_125' title='bbox 1668 1217 1738 1248; x_wconf 90' lang='lat' dir='ltr'><strong>res</strong></span> 
     </span>
     <span class='ocr_line' id='line_1_16' title="bbox 206 1276 1741 1335; baseline -0.001 -14"><span class='ocrx_word' id='word_1_126' title='bbox 206 1276 460 1321; x_wconf 84' lang='lat' dir='ltr'><strong>Graecorum</strong></span> <span class='ocrx_word' id='word_1_127' title='bbox 476 1278 675 1322; x_wconf 90' lang='lat' dir='ltr'><strong>momenti</strong></span> <span class='ocrx_word' id='word_1_128' title='bbox 699 1277 826 1322; x_wconf 83' lang='lat' dir='ltr'><strong>fuerit</strong></span> <span class='ocrx_word' id='word_1_129' title='bbox 853 1282 896 1322; x_wconf 93' lang='lat' dir='ltr'><strong>et</strong></span> <span class='ocrx_word' id='word_1_130' title='bbox 924 1293 1050 1335; x_wconf 86' lang='lat' dir='ltr'><strong>quam</strong></span> <span class='ocrx_word' id='word_1_131' title='bbox 1078 1280 1200 1335; x_wconf 85' lang='lat' dir='ltr'><strong>quasi</strong></span> <span class='ocrx_word' id='word_1_132' title='bbox 1216 1281 1351 1322; x_wconf 90' lang='lat' dir='ltr'><strong>totam</strong></span> <span class='ocrx_word' id='word_1_133' title='bbox 1372 1276 1564 1321; x_wconf 86' lang='lat' dir='ltr'><strong>Helladis</strong></span> <span class='ocrx_word' id='word_1_134' title='bbox 1589 1276 1741 1321; x_wconf 86' lang='lat' dir='ltr'><strong>faciem</strong></span> 
     </span>
     <span class='ocr_line' id='line_1_17' title="bbox 206 1348 1786 1411; baseline 0.001 -20"><span class='ocrx_word' id='word_1_135' title='bbox 206 1349 488 1393; x_wconf 86' lang='lat' dir='ltr'><strong>immutaverit</strong></span> <span class='ocrx_word' id='word_1_136' title='bbox 531 1364 674 1407; x_wconf 88' lang='lat' dir='ltr'><strong>pugna</strong></span> <span class='ocrx_word' id='word_1_137' title='bbox 701 1350 988 1404; x_wconf 89' lang='lat' dir='ltr'><strong>Leuctrensis,</strong></span> <span class='ocrx_word' id='word_1_138' title='bbox 1028 1365 1113 1407; x_wconf 90' lang='lat' dir='ltr'><strong>qua</strong></span> <span class='ocrx_word' id='word_1_139' title='bbox 1151 1349 1494 1394; x_wconf 85' lang='lat' dir='ltr'><strong>Lacedaemoniis</strong></span> <span class='ocrx_word' id='word_1_140' title='bbox 1520 1348 1740 1406; x_wconf 84' lang='lat' dir='ltr'><strong>principa·</strong></span> <span class='ocrx_word' id='word_1_141' title='bbox 1778 1408 1786 1411; x_wconf 15' lang='grc' dir='ltr'><em>ς</em></span> 
     </span>
     <span class='ocr_line' id='line_1_18' title="bbox 207 1420 1739 1477; baseline 0 -13"><span class='ocrx_word' id='word_1_142' title='bbox 207 1425 275 1465; x_wconf 91' lang='lat' dir='ltr'><strong>tus</strong></span> <span class='ocrx_word' id='word_1_143' title='bbox 303 1421 505 1466; x_wconf 86' lang='lat' dir='ltr'><strong>Graeciae</strong></span> <span class='ocrx_word' id='word_1_144' title='bbox 530 1422 721 1467; x_wconf 89' lang='lat' dir='ltr'><strong>ademtus</strong></span> <span class='ocrx_word' id='word_1_145' title='bbox 758 1426 801 1467; x_wconf 92' lang='lat' dir='ltr'><strong>et</strong></span> <span class='ocrx_word' id='word_1_146' title='bbox 830 1424 887 1468; x_wconf 89' lang='lat' dir='ltr'><strong>ad</strong></span> <span class='ocrx_word' id='word_1_147' title='bbox 916 1423 1138 1469; x_wconf 89' lang='lat' dir='ltr'><strong>Thebanos</strong></span> <span class='ocrx_word' id='word_1_148' title='bbox 1163 1423 1328 1468; x_wconf 90' lang='lat' dir='ltr'><strong>delatus</strong></span> <span class='ocrx_word' id='word_1_149' title='bbox 1357 1425 1457 1475; x_wconf 77' lang='lat' dir='ltr'><strong>est„</strong></span> <span class='ocrx_word' id='word_1_150' title='bbox 1479 1420 1533 1465; x_wconf 92' lang='lat' dir='ltr'><strong>de</strong></span> <span class='ocrx_word' id='word_1_151' title='bbox 1574 1434 1658 1477; x_wconf 88' lang='lat' dir='ltr'><strong>qua</strong></span> <span class='ocrx_word' id='word_1_152' title='bbox 1691 1433 1739 1464; x_wconf 90' lang='lat' dir='ltr'><strong>re</strong></span> 
     </span>
     <span class='ocr_line' id='line_1_19' title="bbox 206 1491 1738 1552; baseline 0 -16"><span class='ocrx_word' id='word_1_153' title='bbox 206 1493 453 1549; x_wconf 81' lang='lat' dir='ltr'><strong>gravissima</strong></span> <span class='ocrx_word' id='word_1_154' title='bbox 493 1507 546 1537; x_wconf 89' lang='lat' dir='ltr'><strong>ne</strong></span> <span class='ocrx_word' id='word_1_155' title='bbox 579 1494 794 1537; x_wconf 93' lang='lat' dir='ltr'><strong>minimum</strong></span> <span class='ocrx_word' id='word_1_156' title='bbox 834 1494 1003 1550; x_wconf 91' lang='lat' dir='ltr'><strong>quidem</strong></span> <span class='ocrx_word' id='word_1_157' title='bbox 1034 1494 1253 1552; x_wconf 84' lang='lat' dir='ltr'><strong>significat.</strong></span> <span class='ocrx_word' id='word_1_158' title='bbox 1311 1492 1423 1546; x_wconf 85' lang='lat' dir='ltr'><strong>Quid</strong></span> <span class='ocrx_word' id='word_1_159' title='bbox 1459 1492 1512 1536; x_wconf 90' lang='lat' dir='ltr'><strong>de</strong></span> <span class='ocrx_word' id='word_1_160' title='bbox 1548 1505 1655 1549; x_wconf 86' lang='lat' dir='ltr'><strong>pace</strong></span> <span class='ocrx_word' id='word_1_161' title='bbox 1681 1491 1738 1539; x_wconf 74' lang='lat' dir='ltr'><strong>ab</strong></span> 
     </span>
     <span class='ocr_line' id='line_1_20' title="bbox 204 1562 1740 1622; baseline -0.001 -14"><span class='ocrx_word' id='word_1_162' title='bbox 204 1565 428 1609; x_wconf 87' lang='lat' dir='ltr'><strong>Antaleida</strong></span> <span class='ocrx_word' id='word_1_163' title='bbox 455 1565 676 1609; x_wconf 85' lang='lat' dir='ltr'><strong>conciliata</strong></span> <span class='ocrx_word' id='word_1_164' title='bbox 695 1565 860 1609; x_wconf 78' lang='lat' dir='ltr'><strong>dicam?</strong></span> <span class='ocrx_word' id='word_1_165' title='bbox 887 1580 1013 1622; x_wconf 92' lang='lat' dir='ltr'><strong>quam</strong></span> <span class='ocrx_word' id='word_1_166' title='bbox 1038 1566 1101 1610; x_wconf 91' lang='lat' dir='ltr'><strong>ita</strong></span> <span class='ocrx_word' id='word_1_167' title='bbox 1121 1569 1279 1617; x_wconf 88' lang='lat' dir='ltr'><strong>narrat,</strong></span> <span class='ocrx_word' id='word_1_168' title='bbox 1306 1567 1355 1610; x_wconf 91' lang='lat' dir='ltr'><strong>ut</strong></span> <span class='ocrx_word' id='word_1_169' title='bbox 1380 1578 1517 1622; x_wconf 91' lang='lat' dir='ltr'><strong>neque</strong></span> <span class='ocrx_word' id='word_1_170' title='bbox 1540 1564 1599 1617; x_wconf 87' lang='lat' dir='ltr'><strong>id,</strong></span> <span class='ocrx_word' id='word_1_171' title='bbox 1626 1562 1740 1619; x_wconf 88' lang='lat' dir='ltr'><strong>quod</strong></span> 
     </span>
     <span class='ocr_line' id='line_1_21' title="bbox 207 1636 1739 1694; baseline -0.001 -15"><span class='ocrx_word' id='word_1_172' title='bbox 207 1636 398 1692; x_wconf 85' lang='lat' dir='ltr'><strong>singulae</strong></span> <span class='ocrx_word' id='word_1_173' title='bbox 421 1640 567 1693; x_wconf 87' lang='lat' dir='ltr'><strong>partes</strong></span> <span class='ocrx_word' id='word_1_174' title='bbox 595 1637 709 1693; x_wconf 87' lang='lat' dir='ltr'><strong>apud</strong></span> <span class='ocrx_word' id='word_1_175' title='bbox 737 1651 878 1693; x_wconf 88' lang='lat' dir='ltr'><strong>regem</strong></span> <span class='ocrx_word' id='word_1_176' title='bbox 911 1638 1192 1691; x_wconf 85' lang='lat' dir='ltr'><strong>sectabantur,</strong></span> <span class='ocrx_word' id='word_1_177' title='bbox 1224 1638 1339 1682; x_wconf 88' lang='lat' dir='ltr'><strong>claro</strong></span> <span class='ocrx_word' id='word_1_178' title='bbox 1367 1640 1575 1694; x_wconf 84' lang='lat' dir='ltr'><strong>appareat</strong></span> <span class='ocrx_word' id='word_1_179' title='bbox 1602 1649 1739 1692; x_wconf 88' lang='lat' dir='ltr'><strong>neque</strong></span> 
     </span>
     <span class='ocr_line' id='line_1_22' title="bbox 203 1707 1737 1765; baseline -0.001 -13"><span class='ocrx_word' id='word_1_180' title='bbox 203 1707 388 1752; x_wconf 88' lang='lat' dir='ltr'><strong>rationes</strong></span> <span class='ocrx_word' id='word_1_181' title='bbox 402 1708 513 1753; x_wconf 85' lang='lat' dir='ltr'><strong>inter</strong></span> <span class='ocrx_word' id='word_1_182' title='bbox 532 1707 713 1753; x_wconf 87' lang='lat' dir='ltr'><strong>Graecos</strong></span> <span class='ocrx_word' id='word_1_183' title='bbox 731 1711 775 1752; x_wconf 90' lang='lat' dir='ltr'><strong>et</strong></span> <span class='ocrx_word' id='word_1_184' title='bbox 784 1708 938 1753; x_wconf 86' lang='lat' dir='ltr'><strong>Persas</strong></span> <span class='ocrx_word' id='word_1_185' title='bbox 964 1709 1270 1753; x_wconf 84' lang='lat' dir='ltr'><strong>intercedentes</strong></span> <span class='ocrx_word' id='word_1_186' title='bbox 1289 1708 1416 1765; x_wconf 90' lang='lat' dir='ltr'><strong>plane</strong></span> <span class='ocrx_word' id='word_1_187' title='bbox 1434 1708 1737 1765; x_wconf 84' lang='lat' dir='ltr'><strong>intelligantur.</strong></span> 
     </span>
     <span class='ocr_line' id='line_1_23' title="bbox 204 1778 1739 1836; baseline 0 -13"><span class='ocrx_word' id='word_1_188' title='bbox 204 1779 316 1823; x_wconf 86' lang='lat' dir='ltr'><strong>Satis</strong></span> <span class='ocrx_word' id='word_1_189' title='bbox 344 1780 475 1823; x_wconf 89' lang='lat' dir='ltr'><strong>habet</strong></span> <span class='ocrx_word' id='word_1_190' title='bbox 498 1781 686 1836; x_wconf 88' lang='lat' dir='ltr'><strong>singulas</strong></span> <span class='ocrx_word' id='word_1_191' title='bbox 712 1795 780 1824; x_wconf 90' lang='lat' dir='ltr'><strong>res</strong></span> <span class='ocrx_word' id='word_1_192' title='bbox 809 1781 936 1824; x_wconf 86' lang='lat' dir='ltr'><strong>aliam</strong></span> <span class='ocrx_word' id='word_1_193' title='bbox 959 1784 1057 1835; x_wconf 91' lang='lat' dir='ltr'><strong>post</strong></span> <span class='ocrx_word' id='word_1_194' title='bbox 1082 1782 1207 1824; x_wconf 85' lang='lat' dir='ltr'><strong>aliam</strong></span> <span class='ocrx_word' id='word_1_195' title='bbox 1237 1781 1434 1836; x_wconf 89' lang='lat' dir='ltr'><strong>deinceps</strong></span> <span class='ocrx_word' id='word_1_196' title='bbox 1471 1780 1595 1823; x_wconf 92' lang='lat' dir='ltr'><strong>modo</strong></span> <span class='ocrx_word' id='word_1_197' title='bbox 1620 1778 1739 1823; x_wconf 83' lang='lat' dir='ltr'><strong>brevi</strong></span> 
     </span>
     <span class='ocr_line' id='line_1_24' title="bbox 202 1851 1736 1910; baseline 0.001 -15"><span class='ocrx_word' id='word_1_198' title='bbox 202 1851 456 1908; x_wconf 90' lang='lat' dir='ltr'><strong>praecidere,</strong></span> <span class='ocrx_word' id='word_1_199' title='bbox 485 1851 609 1896; x_wconf 92' lang='lat' dir='ltr'><strong>modo</strong></span> <span class='ocrx_word' id='word_1_200' title='bbox 637 1852 874 1897; x_wconf 88' lang='lat' dir='ltr'><strong>accuratius</strong></span> <span class='ocrx_word' id='word_1_201' title='bbox 903 1852 1112 1910; x_wconf 87' lang='lat' dir='ltr'><strong>explicare</strong></span> <span class='ocrx_word' id='word_1_202' title='bbox 1132 1866 1267 1910; x_wconf 90' lang='lat' dir='ltr'><strong>neque</strong></span> <span class='ocrx_word' id='word_1_203' title='bbox 1290 1866 1388 1898; x_wconf 88' lang='lat' dir='ltr'><strong>raro</strong></span> <span class='ocrx_word' id='word_1_204' title='bbox 1416 1852 1543 1898; x_wconf 91' lang='lat' dir='ltr'><strong>rebus</strong></span> <span class='ocrx_word' id='word_1_205' title='bbox 1572 1851 1736 1896; x_wconf 85' lang='lat' dir='ltr'><strong>leviori·</strong></span> 
     </span>
     <span class='ocr_line' id='line_1_25' title="bbox 202 1923 1734 1981; baseline 0.001 -15"><span class='ocrx_word' id='word_1_206' title='bbox 202 1923 281 1966; x_wconf 89' lang='lat' dir='ltr'><strong>bus</strong></span> <span class='ocrx_word' id='word_1_207' title='bbox 309 1924 564 1978; x_wconf 88' lang='lat' dir='ltr'><strong>minorisque</strong></span> <span class='ocrx_word' id='word_1_208' title='bbox 592 1925 791 1967; x_wconf 86' lang='lat' dir='ltr'><strong>momenti</strong></span> <span class='ocrx_word' id='word_1_209' title='bbox 818 1925 913 1980; x_wconf 87' lang='lat' dir='ltr'><strong>plus</strong></span> <span class='ocrx_word' id='word_1_210' title='bbox 942 1926 1070 1980; x_wconf 91' lang='lat' dir='ltr'><strong>spatii</strong></span> <span class='ocrx_word' id='word_1_211' title='bbox 1097 1939 1222 1979; x_wconf 86' lang='lat' dir='ltr'><strong>quam</strong></span> <span class='ocrx_word' id='word_1_212' title='bbox 1247 1925 1504 1981; x_wconf 81' lang='lat' dir='ltr'><strong>gravissimis</strong></span> <span class='ocrx_word' id='word_1_213' title='bbox 1529 1925 1679 1968; x_wconf 87' lang='lat' dir='ltr'><strong>tribuit</strong></span> <span class='ocrx_word' id='word_1_214' title='bbox 1689 1926 1734 1978; x_wconf 68' lang='grc'><strong>2).</strong></span> 
     </span>
    </p>
   </div>
   <div class='ocr_carea' id='block_1_3' title="bbox 197 2039 1737 2983">
    <p class='ocr_par' dir='ltr' id='par_1_3' title="bbox 197 2039 1737 2924">
     <span class='ocr_line' id='line_1_26' title="bbox 341 2039 1734 2085; baseline 0.001 -12"><span class='ocrx_word' id='word_1_215' title='bbox 341 2040 364 2082; x_wconf 82' lang='lat'><strong>¹)</strong></span> <span class='ocrx_word' id='word_1_216' title='bbox 412 2039 564 2074; x_wconf 88' lang='lat' dir='ltr'><strong>Peterus</strong></span> <span class='ocrx_word' id='word_1_217' title='bbox 588 2043 625 2074; x_wconf 91' lang='lat' dir='ltr'><strong>et</strong></span> <span class='ocrx_word' id='word_1_218' title='bbox 648 2040 710 2084; x_wconf 90' lang='lat' dir='ltr'><strong>qui</strong></span> <span class='ocrx_word' id='word_1_219' title='bbox 732 2050 813 2075; x_wconf 90' lang='lat' dir='ltr'><strong>eum</strong></span> <span class='ocrx_word' id='word_1_220' title='bbox 835 2040 874 2075; x_wconf 92' lang='lat' dir='ltr'><strong>in</strong></span> <span class='ocrx_word' id='word_1_221' title='bbox 897 2039 1033 2082; x_wconf 63' lang='lat' dir='ltr'><strong>hacjre</strong></span> <span class='ocrx_word' id='word_1_222' title='bbox 1055 2040 1232 2085; x_wconf 87' lang='lat' dir='ltr'><strong>sequitur,</strong></span> <span class='ocrx_word' id='word_1_223' title='bbox 1261 2039 1578 2084; x_wconf 81' lang='lat' dir='ltr'><strong>Breitenbachius,</strong></span> <span class='ocrx_word' id='word_1_224' title='bbox 1609 2049 1734 2076; x_wconf 80' lang='lat' dir='ltr'><strong>omnes</strong></span> 
     </span>
     <span class='ocr_line' id='line_1_27' title="bbox 201 2097 1734 2146; baseline -0.001 -11"><span class='ocrx_word' id='word_1_225' title='bbox 201 2097 283 2135; x_wconf 86' lang='lat' dir='ltr'><strong>illos</strong></span> <span class='ocrx_word' id='word_1_226' title='bbox 307 2098 408 2134; x_wconf 87' lang='lat' dir='ltr'><strong>locos</strong></span> <span class='ocrx_word' id='word_1_227' title='bbox 433 2108 648 2145; x_wconf 88' lang='lat' dir='ltr'><strong>communes,</strong></span> <span class='ocrx_word' id='word_1_228' title='bbox 672 2098 801 2145; x_wconf 89' lang='lat' dir='ltr'><strong>quibus</strong></span> <span class='ocrx_word' id='word_1_229' title='bbox 823 2098 1028 2146; x_wconf 87' lang='lat' dir='ltr'><strong>Xenophon</strong></span> <span class='ocrx_word' id='word_1_230' title='bbox 1049 2103 1113 2136; x_wconf 86' lang='lat' dir='ltr'><strong>aut</strong></span> <span class='ocrx_word' id='word_1_231' title='bbox 1151 2098 1300 2136; x_wconf 90' lang='lat' dir='ltr'><strong>deorum</strong></span> <span class='ocrx_word' id='word_1_232' title='bbox 1332 2098 1552 2145; x_wconf 86' lang='lat' dir='ltr'><strong>potentiam,</strong></span> <span class='ocrx_word' id='word_1_233' title='bbox 1582 2098 1644 2145; x_wconf 92' lang='lat' dir='ltr'><strong>qui</strong></span> <span class='ocrx_word' id='word_1_234' title='bbox 1667 2099 1734 2135; x_wconf 88' lang='lat' dir='ltr'><strong>im-</strong></span> 
     </span>
     <span class='ocr_line' id='line_1_28' title="bbox 202 2158 1734 2208; baseline -0.001 -12"><span class='ocrx_word' id='word_1_235' title='bbox 202 2159 371 2205; x_wconf 87' lang='lat' dir='ltr'><strong>pietatem</strong></span> <span class='ocrx_word' id='word_1_236' title='bbox 394 2159 579 2208; x_wconf 90' lang='lat' dir='ltr'><strong>hominum</strong></span> <span class='ocrx_word' id='word_1_237' title='bbox 603 2159 796 2205; x_wconf 84' lang='lat' dir='ltr'><strong>castigant,</strong></span> <span class='ocrx_word' id='word_1_238' title='bbox 826 2164 910 2196; x_wconf 88' lang='lat' dir='ltr'><strong>ante</strong></span> <span class='ocrx_word' id='word_1_239' title='bbox 934 2160 1059 2196; x_wconf 88' lang='lat' dir='ltr'><strong>oculos</strong></span> <span class='ocrx_word' id='word_1_240' title='bbox 1082 2161 1184 2206; x_wconf 88' lang='lat' dir='ltr'><strong>ponit</strong></span> <span class='ocrx_word' id='word_1_241' title='bbox 1214 2164 1293 2206; x_wconf 88' lang='lat' dir='ltr'><strong>aut,</strong></span> <span class='ocrx_word' id='word_1_242' title='bbox 1317 2159 1413 2205; x_wconf 84' lang='lat' dir='ltr'><strong>quod</strong></span> <span class='ocrx_word' id='word_1_243' title='bbox 1450 2160 1660 2205; x_wconf 85' lang='lat' dir='ltr'><strong>saepissime</strong></span> <span class='ocrx_word' id='word_1_244' title='bbox 1682 2158 1734 2204; x_wconf 80' lang='lat' dir='ltr'><strong>fit,</strong></span> 
     </span>
     <span class='ocr_line' id='line_1_29' title="bbox 201 2218 1735 2266; baseline -0.001 -10"><span class='ocrx_word' id='word_1_245' title='bbox 201 2219 284 2256; x_wconf 89' lang='lat' dir='ltr'><strong>duci</strong></span> <span class='ocrx_word' id='word_1_246' title='bbox 307 2219 452 2255; x_wconf 87' lang='lat' dir='ltr'><strong>militari</strong></span> <span class='ocrx_word' id='word_1_247' title='bbox 477 2223 671 2265; x_wconf 87' lang='lat' dir='ltr'><strong>praecepta</strong></span> <span class='ocrx_word' id='word_1_248' title='bbox 694 2219 870 2265; x_wconf 87' lang='lat' dir='ltr'><strong>quaedam</strong></span> <span class='ocrx_word' id='word_1_249' title='bbox 895 2220 1101 2266; x_wconf 86' lang='lat' dir='ltr'><strong>suppeditat</strong></span> <span class='ocrx_word' id='word_1_250' title='bbox 1124 2225 1188 2257; x_wconf 90' lang='lat' dir='ltr'><strong>aut</strong></span> <span class='ocrx_word' id='word_1_251' title='bbox 1213 2221 1307 2265; x_wconf 89' lang='lat' dir='ltr'><strong>alia,</strong></span> <span class='ocrx_word' id='word_1_252' title='bbox 1333 2230 1425 2266; x_wconf 88' lang='lat' dir='ltr'><strong>quae</strong></span> <span class='ocrx_word' id='word_1_253' title='bbox 1457 2219 1503 2255; x_wconf 88' lang='lat' dir='ltr'><strong>ad</strong></span> <span class='ocrx_word' id='word_1_254' title='bbox 1537 2218 1735 2255; x_wconf 79' lang='lat' dir='ltr'><strong>communis</strong></span> 
     </span>
     <span class='ocr_line' id='line_1_30' title="bbox 200 2278 1733 2326; baseline -0.001 -10"><span class='ocrx_word' id='word_1_255' title='bbox 200 2280 294 2316; x_wconf 82' lang='lat' dir='ltr'><strong>vitae</strong></span> <span class='ocrx_word' id='word_1_256' title='bbox 328 2290 432 2315; x_wconf 89' lang='lat' dir='ltr'><strong>usum</strong></span> <span class='ocrx_word' id='word_1_257' title='bbox 463 2283 644 2325; x_wconf 88' lang='lat' dir='ltr'><strong>spectant,</strong></span> <span class='ocrx_word' id='word_1_258' title='bbox 678 2279 831 2324; x_wconf 87' lang='lat' dir='ltr'><strong>indicet,</strong></span> <span class='ocrx_word' id='word_1_259' title='bbox 867 2290 940 2315; x_wconf 89' lang='lat' dir='ltr'><strong>uno</strong></span> <span class='ocrx_word' id='word_1_260' title='bbox 969 2279 1111 2316; x_wconf 84' lang='lat' dir='ltr'><strong>vinculo</strong></span> <span class='ocrx_word' id='word_1_261' title='bbox 1142 2280 1274 2326; x_wconf 86' lang='lat' dir='ltr'><strong>ligatos</strong></span> <span class='ocrx_word' id='word_1_262' title='bbox 1305 2289 1386 2315; x_wconf 87' lang='lat' dir='ltr'><strong>esse</strong></span> <span class='ocrx_word' id='word_1_263' title='bbox 1424 2283 1534 2325; x_wconf 85' lang='lat' dir='ltr'><strong>atque</strong></span> <span class='ocrx_word' id='word_1_264' title='bbox 1566 2278 1733 2315; x_wconf 82' lang='lat' dir='ltr'><strong>universo</strong></span> 
     </span>
     <span class='ocr_line' id='line_1_31' title="bbox 202 2338 1737 2386; baseline -0.002 -10"><span class='ocrx_word' id='word_1_265' title='bbox 202 2339 302 2386; x_wconf 84' lang='lat' dir='ltr'><strong>operi</strong></span> <span class='ocrx_word' id='word_1_266' title='bbox 327 2339 431 2382; x_wconf 80' lang='lat' dir='ltr'><strong>(falso</strong></span> <span class='ocrx_word' id='word_1_267' title='bbox 457 2339 551 2374; x_wconf 86' lang='lat' dir='ltr'><strong>enim</strong></span> <span class='ocrx_word' id='word_1_268' title='bbox 575 2339 614 2373; x_wconf 89' lang='lat' dir='ltr'><strong>in</strong></span> <span class='ocrx_word' id='word_1_269' title='bbox 637 2338 776 2374; x_wconf 87' lang='lat' dir='ltr'><strong>duobus</strong></span> <span class='ocrx_word' id='word_1_270' title='bbox 800 2348 943 2384; x_wconf 86' lang='lat' dir='ltr'><strong>quoque</strong></span> <span class='ocrx_word' id='word_1_271' title='bbox 966 2338 1069 2374; x_wconf 88' lang='lat' dir='ltr'><strong>libris</strong></span> <span class='ocrx_word' id='word_1_272' title='bbox 1093 2340 1272 2385; x_wconf 88' lang='lat' dir='ltr'><strong>prioribus</strong></span> <span class='ocrx_word' id='word_1_273' title='bbox 1293 2338 1524 2384; x_wconf 81' lang='lat' dir='ltr'><strong>Xenophonti</strong></span> <span class='ocrx_word' id='word_1_274' title='bbox 1548 2338 1737 2373; x_wconf 85' lang='lat' dir='ltr'><strong>consilium</strong></span> 
     </span>
     <span class='ocr_line' id='line_1_32' title="bbox 200 2396 1735 2444; baseline -0.001 -8"><span class='ocrx_word' id='word_1_275' title='bbox 200 2399 353 2436; x_wconf 85' lang='lat' dir='ltr'><strong>docendi</strong></span> <span class='ocrx_word' id='word_1_276' title='bbox 379 2409 458 2435; x_wconf 85' lang='lat' dir='ltr'><strong>esse</strong></span> <span class='ocrx_word' id='word_1_277' title='bbox 486 2398 692 2443; x_wconf 82' lang='lat' dir='ltr'><strong>opinantur)</strong></span> <span class='ocrx_word' id='word_1_278' title='bbox 720 2402 857 2434; x_wconf 86' lang='lat' dir='ltr'><strong>certum</strong></span> <span class='ocrx_word' id='word_1_279' title='bbox 881 2397 1061 2443; x_wconf 85' lang='lat' dir='ltr'><strong>quoddam</strong></span> <span class='ocrx_word' id='word_1_280' title='bbox 1086 2398 1292 2444; x_wconf 87' lang='lat' dir='ltr'><strong>consilium,</strong></span> <span class='ocrx_word' id='word_1_281' title='bbox 1315 2397 1411 2444; x_wconf 88' lang='lat' dir='ltr'><strong>quod</strong></span> <span class='ocrx_word' id='word_1_282' title='bbox 1433 2408 1480 2434; x_wconf 88' lang='lat' dir='ltr'><strong>ex</strong></span> <span class='ocrx_word' id='word_1_283' title='bbox 1503 2396 1549 2443; x_wconf 83' lang='lat' dir='ltr'><strong>V,</strong></span> <span class='ocrx_word' id='word_1_284' title='bbox 1569 2398 1604 2442; x_wconf 82' lang='lat'><strong>4,</strong></span> <span class='ocrx_word' id='word_1_285' title='bbox 1628 2398 1648 2432; x_wconf 91' lang='lat'>1</span> <span class='ocrx_word' id='word_1_286' title='bbox 1673 2406 1735 2442; x_wconf 77' lang='lat' dir='ltr'><strong>ap-</strong></span> 
     </span>
     <span class='ocr_line' id='line_1_33' title="bbox 200 2456 1734 2504; baseline -0.002 -9"><span class='ocrx_word' id='word_1_287' title='bbox 200 2462 337 2504; x_wconf 83' lang='lat' dir='ltr'><strong>pareat,</strong></span> <span class='ocrx_word' id='word_1_288' title='bbox 362 2458 510 2494; x_wconf 86' lang='lat' dir='ltr'><strong>subesse</strong></span> <span class='ocrx_word' id='word_1_289' title='bbox 535 2461 645 2502; x_wconf 79' lang='lat' dir='ltr'><strong>putat.</strong></span> <span class='ocrx_word' id='word_1_290' title='bbox 693 2457 771 2493; x_wconf 92' lang='lat' dir='ltr'><strong>Hoc</strong></span> <span class='ocrx_word' id='word_1_291' title='bbox 795 2457 884 2492; x_wconf 90' lang='lat' dir='ltr'><strong>mihi</strong></span> <span class='ocrx_word' id='word_1_292' title='bbox 906 2457 1187 2504; x_wconf 86' lang='lat' dir='ltr'><strong>haudquaquam</strong></span> <span class='ocrx_word' id='word_1_293' title='bbox 1211 2458 1395 2502; x_wconf 82' lang='lat' dir='ltr'><strong>probatur.</strong></span> <span class='ocrx_word' id='word_1_294' title='bbox 1440 2456 1636 2493; x_wconf 88' lang='lat' dir='ltr'><strong>Hellenicis</strong></span> <span class='ocrx_word' id='word_1_295' title='bbox 1659 2467 1734 2492; x_wconf 90' lang='lat' dir='ltr'><strong>non</strong></span> 
     </span>
     <span class='ocr_line' id='line_1_34' title="bbox 199 2516 1734 2564; baseline -0.001 -10"><span class='ocrx_word' id='word_1_296' title='bbox 199 2519 316 2555; x_wconf 87' lang='lat' dir='ltr'><strong>minus</strong></span> <span class='ocrx_word' id='word_1_297' title='bbox 340 2529 447 2564; x_wconf 88' lang='lat' dir='ltr'><strong>quam</strong></span> <span class='ocrx_word' id='word_1_298' title='bbox 471 2517 714 2564; x_wconf 81' lang='lat' dir='ltr'><strong>Cyropaediae</strong></span> <span class='ocrx_word' id='word_1_299' title='bbox 738 2522 916 2563; x_wconf 88' lang='lat' dir='ltr'><strong>naturam,</strong></span> <span class='ocrx_word' id='word_1_300' title='bbox 939 2527 1032 2563; x_wconf 86' lang='lat' dir='ltr'><strong>quae</strong></span> <span class='ocrx_word' id='word_1_301' title='bbox 1057 2517 1204 2563; x_wconf 89' lang='lat' dir='ltr'><strong>dicitur,</strong></span> <span class='ocrx_word' id='word_1_302' title='bbox 1237 2517 1391 2554; x_wconf 86' lang='lat' dir='ltr'><strong>ethicam</strong></span> <span class='ocrx_word' id='word_1_303' title='bbox 1415 2527 1496 2553; x_wconf 87' lang='lat' dir='ltr'><strong>esse</strong></span> <span class='ocrx_word' id='word_1_304' title='bbox 1518 2516 1625 2553; x_wconf 85' lang='lat' dir='ltr'><strong>facile</strong></span> <span class='ocrx_word' id='word_1_305' title='bbox 1649 2526 1734 2554; x_wconf 86' lang='lat' dir='ltr'><strong>con·</strong></span> 
     </span>
     <span class='ocr_line' id='line_1_35' title="bbox 200 2575 1734 2624; baseline -0.001 -10"><span class='ocrx_word' id='word_1_306' title='bbox 200 2577 299 2624; x_wconf 87' lang='lat' dir='ltr'><strong>cedo,</strong></span> <span class='ocrx_word' id='word_1_307' title='bbox 323 2578 387 2614; x_wconf 88' lang='lat' dir='ltr'><strong>sed</strong></span> <span class='ocrx_word' id='word_1_308' title='bbox 411 2578 495 2614; x_wconf 91' lang='lat' dir='ltr'><strong>illae</strong></span> <span class='ocrx_word' id='word_1_309' title='bbox 519 2577 865 2623; x_wconf 88' lang='lat' dir='ltr'><strong>animadversiones,</strong></span> <span class='ocrx_word' id='word_1_310' title='bbox 896 2587 986 2623; x_wconf 90' lang='lat' dir='ltr'><strong>quas</strong></span> <span class='ocrx_word' id='word_1_311' title='bbox 1010 2578 1181 2613; x_wconf 82' lang='lat' dir='ltr'><strong>historiae</strong></span> <span class='ocrx_word' id='word_1_312' title='bbox 1213 2587 1365 2623; x_wconf 85' lang='lat' dir='ltr'><strong>graecae</strong></span> <span class='ocrx_word' id='word_1_313' title='bbox 1388 2576 1556 2618; x_wconf 88' lang='lat' dir='ltr'><strong>inseruit,</strong></span> <span class='ocrx_word' id='word_1_314' title='bbox 1582 2581 1657 2612; x_wconf 87' lang='lat' dir='ltr'><strong>tam</strong></span> <span class='ocrx_word' id='word_1_315' title='bbox 1681 2575 1734 2612; x_wconf 88' lang='lat' dir='ltr'><strong>di·</strong></span> 
     </span>
     <span class='ocr_line' id='line_1_36' title="bbox 198 2636 1733 2684; baseline -0.001 -9"><span class='ocrx_word' id='word_1_316' title='bbox 198 2644 334 2684; x_wconf 85' lang='lat' dir='ltr'><strong>versae,</strong></span> <span class='ocrx_word' id='word_1_317' title='bbox 360 2642 433 2675; x_wconf 89' lang='lat' dir='ltr'><strong>tam</strong></span> <span class='ocrx_word' id='word_1_318' title='bbox 457 2638 605 2675; x_wconf 84' lang='lat' dir='ltr'><strong>fortuito</strong></span> <span class='ocrx_word' id='word_1_319' title='bbox 628 2641 666 2674; x_wconf 92' lang='lat' dir='ltr'><strong>et</strong></span> <span class='ocrx_word' id='word_1_320' title='bbox 690 2637 767 2674; x_wconf 89' lang='lat' dir='ltr'><strong>sine</strong></span> <span class='ocrx_word' id='word_1_321' title='bbox 793 2639 893 2675; x_wconf 84' lang='lat' dir='ltr'><strong>certa</strong></span> <span class='ocrx_word' id='word_1_322' title='bbox 915 2637 1055 2674; x_wconf 85' lang='lat' dir='ltr'><strong>ratione</strong></span> <span class='ocrx_word' id='word_1_323' title='bbox 1080 2637 1323 2684; x_wconf 85' lang='lat' dir='ltr'><strong>interspersae</strong></span> <span class='ocrx_word' id='word_1_324' title='bbox 1348 2639 1447 2683; x_wconf 88' lang='lat' dir='ltr'><strong>sunt,</strong></span> <span class='ocrx_word' id='word_1_325' title='bbox 1482 2640 1523 2673; x_wconf 92' lang='lat' dir='ltr'><strong>ut</strong></span> <span class='ocrx_word' id='word_1_326' title='bbox 1546 2636 1594 2674; x_wconf 85' lang='lat' dir='ltr'><strong>ad</strong></span> <span class='ocrx_word' id='word_1_327' title='bbox 1623 2647 1733 2674; x_wconf 90' lang='lat' dir='ltr'><strong>unum</strong></span> 
     </span>
     <span class='ocr_line' id='line_1_37' title="bbox 200 2697 1733 2742; baseline 0 -9"><span class='ocrx_word' id='word_1_328' title='bbox 200 2708 421 2733; x_wconf 86' lang='lat' dir='ltr'><strong>communem</strong></span> <span class='ocrx_word' id='word_1_329' title='bbox 458 2698 566 2733; x_wconf 89' lang='lat' dir='ltr'><strong>finem</strong></span> <span class='ocrx_word' id='word_1_330' title='bbox 599 2708 722 2734; x_wconf 91' lang='lat' dir='ltr'><strong>omnes</strong></span> <span class='ocrx_word' id='word_1_331' title='bbox 751 2708 814 2734; x_wconf 88' lang='lat' dir='ltr'><strong>eas</strong></span> <span class='ocrx_word' id='word_1_332' title='bbox 851 2699 1058 2742; x_wconf 88' lang='lat' dir='ltr'><strong>conspirare</strong></span> <span class='ocrx_word' id='word_1_333' title='bbox 1093 2698 1181 2734; x_wconf 87' lang='lat' dir='ltr'><strong>mihi</strong></span> <span class='ocrx_word' id='word_1_334' title='bbox 1210 2697 1429 2742; x_wconf 86' lang='lat' dir='ltr'><strong>persuadere</strong></span> <span class='ocrx_word' id='word_1_335' title='bbox 1470 2708 1545 2733; x_wconf 88' lang='lat' dir='ltr'><strong>non</strong></span> <span class='ocrx_word' id='word_1_336' title='bbox 1586 2698 1733 2742; x_wconf 81' lang='lat' dir='ltr'><strong>possim.</strong></span> 
     </span>
     <span class='ocr_line' id='line_1_38' title="bbox 200 2755 1734 2803; baseline 0 -10"><span class='ocrx_word' id='word_1_337' title='bbox 200 2756 314 2801; x_wconf 76' lang='lat' dir='ltr'><strong>Quam</strong></span> <span class='ocrx_word' id='word_1_338' title='bbox 338 2757 472 2793; x_wconf 85' lang='lat' dir='ltr'><strong>multae</strong></span> <span class='ocrx_word' id='word_1_339' title='bbox 496 2757 535 2792; x_wconf 91' lang='lat' dir='ltr'><strong>in</strong></span> <span class='ocrx_word' id='word_1_340' title='bbox 558 2757 755 2794; x_wconf 86' lang='lat' dir='ltr'><strong>Hellenicis</strong></span> <span class='ocrx_word' id='word_1_341' title='bbox 780 2763 864 2794; x_wconf 88' lang='lat' dir='ltr'><strong>sunt</strong></span> <span class='ocrx_word' id='word_1_342' title='bbox 889 2767 965 2803; x_wconf 90' lang='lat' dir='ltr'><strong>res,</strong></span> <span class='ocrx_word' id='word_1_343' title='bbox 997 2756 1127 2803; x_wconf 85' lang='lat' dir='ltr'><strong>quibus</strong></span> <span class='ocrx_word' id='word_1_344' title='bbox 1151 2756 1307 2794; x_wconf 86' lang='lat' dir='ltr'><strong>narratis</strong></span> <span class='ocrx_word' id='word_1_345' title='bbox 1333 2755 1422 2792; x_wconf 87' lang='lat' dir='ltr'><strong>nihil</strong></span> <span class='ocrx_word' id='word_1_346' title='bbox 1446 2756 1622 2793; x_wconf 84' lang='lat' dir='ltr'><strong>eiusmodi</strong></span> <span class='ocrx_word' id='word_1_347' title='bbox 1646 2765 1734 2793; x_wconf 88' lang='lat' dir='ltr'><strong>anc-</strong></span> 
     </span>
     <span class='ocr_line' id='line_1_39' title="bbox 198 2817 1734 2865; baseline -0.001 -11"><span class='ocrx_word' id='word_1_348' title='bbox 198 2822 257 2854; x_wconf 88' lang='lat' dir='ltr'><strong>tor</strong></span> <span class='ocrx_word' id='word_1_349' title='bbox 280 2817 390 2862; x_wconf 86' lang='lat' dir='ltr'><strong>addit,</strong></span> <span class='ocrx_word' id='word_1_350' title='bbox 413 2818 573 2863; x_wconf 84' lang='lat' dir='ltr'><strong>quamvis</strong></span> <span class='ocrx_word' id='word_1_351' title='bbox 597 2829 641 2854; x_wconf 90' lang='lat' dir='ltr'><strong>ea</strong></span> <span class='ocrx_word' id='word_1_352' title='bbox 666 2818 738 2854; x_wconf 91' lang='lat' dir='ltr'><strong>sint</strong></span> <span class='ocrx_word' id='word_1_353' title='bbox 760 2823 899 2863; x_wconf 88' lang='lat' dir='ltr'><strong>natura,</strong></span> <span class='ocrx_word' id='word_1_354' title='bbox 922 2823 973 2865; x_wconf 89' lang='lat' dir='ltr'><strong>ut,</strong></span> <span class='ocrx_word' id='word_1_355' title='bbox 1008 2819 1039 2854; x_wconf 91' lang='lat' dir='ltr'><strong>si</strong></span> <span class='ocrx_word' id='word_1_356' title='bbox 1070 2828 1111 2854; x_wconf 91' lang='lat' dir='ltr'><strong>re</strong></span> <span class='ocrx_word' id='word_1_357' title='bbox 1136 2829 1222 2855; x_wconf 87' lang='lat' dir='ltr'><strong>vera</strong></span> <span class='ocrx_word' id='word_1_358' title='bbox 1250 2817 1306 2864; x_wconf 90' lang='lat' dir='ltr'><strong>id,</strong></span> <span class='ocrx_word' id='word_1_359' title='bbox 1338 2817 1435 2863; x_wconf 87' lang='lat' dir='ltr'><strong>quod</strong></span> <span class='ocrx_word' id='word_1_360' title='bbox 1458 2818 1546 2854; x_wconf 84' lang='lat' dir='ltr'><strong>dicit</strong></span> <span class='ocrx_word' id='word_1_361' title='bbox 1566 2818 1734 2855; x_wconf 74' lang='lat' dir='ltr'><strong>reterns,</strong></span> 
     </span>
     <span class='ocr_line' id='line_1_40' title="bbox 197 2877 1734 2924; baseline -0.002 -10"><span class='ocrx_word' id='word_1_362' title='bbox 197 2877 429 2923; x_wconf 84' lang='lat' dir='ltr'><strong>Xenophonti</strong></span> <span class='ocrx_word' id='word_1_363' title='bbox 440 2878 663 2923; x_wconf 85' lang='lat' dir='ltr'><strong>propositum</strong></span> <span class='ocrx_word' id='word_1_364' title='bbox 674 2877 814 2922; x_wconf 86' lang='lat' dir='ltr'><strong>fuisset,</strong></span> <span class='ocrx_word' id='word_1_365' title='bbox 826 2878 886 2915; x_wconf 74' lang='lat' dir='ltr'><strong>ilie</strong></span> <span class='ocrx_word' id='word_1_366' title='bbox 894 2877 1046 2915; x_wconf 89' lang='lat' dir='ltr'><strong>docendi</strong></span> <span class='ocrx_word' id='word_1_367' title='bbox 1059 2879 1285 2916; x_wconf 88' lang='lat' dir='ltr'><strong>occasionem</strong></span> <span class='ocrx_word' id='word_1_368' title='bbox 1290 2888 1364 2914; x_wconf 91' lang='lat' dir='ltr'><strong>non</strong></span> <span class='ocrx_word' id='word_1_369' title='bbox 1373 2877 1603 2924; x_wconf 80' lang='lat' dir='ltr'><strong>neglecturus</strong></span> <span class='ocrx_word' id='word_1_370' title='bbox 1615 2877 1734 2913; x_wconf 76' lang='lat' dir='ltr'><strong>fuerit.</strong></span> 
     </span>
    </p>

    <p class='ocr_par' dir='ltr' id='par_1_4' title="bbox 333 2932 1735 2983">
     <span class='ocr_line' id='line_1_41' title="bbox 333 2932 1735 2983; baseline -0.001 -10"><span class='ocrx_word' id='word_1_371' title='bbox 333 2937 362 2981; x_wconf 84' lang='lat'><strong>²)</strong></span> <span class='ocrx_word' id='word_1_372' title='bbox 387 2936 428 2973; x_wconf 87' lang='lat' dir='ltr'><strong>cf.</strong></span> <span class='ocrx_word' id='word_1_373' title='bbox 444 2936 527 2983; x_wconf 82' lang='lat' dir='ltr'><strong>VII,</strong></span> <span class='ocrx_word' id='word_1_374' title='bbox 545 2937 578 2982; x_wconf 84' lang='lat'><strong>2,</strong></span> <span class='ocrx_word' id='word_1_375' title='bbox 596 2938 609 2971; x_wconf 89' lang='lat' dir='ltr'><strong>l</strong></span> <span class='ocrx_word' id='word_1_376' title='bbox 638 2932 728 2971; x_wconf 74' lang='grc' dir='ltr'><strong>ἀλλὰ</strong></span> <span class='ocrx_word' id='word_1_377' title='bbox 742 2933 811 2983; x_wconf 75' lang='grc' dir='ltr'><strong>γὰρ</strong></span> <span class='ocrx_word' id='word_1_378' title='bbox 826 2937 900 2972; x_wconf 74' lang='grc' dir='ltr'><strong>τῶν</strong></span> <span class='ocrx_word' id='word_1_379' title='bbox 912 2934 978 2982; x_wconf 68' lang='grc' dir='ltr'><strong>μὲν</strong></span> <span class='ocrx_word' id='word_1_380' title='bbox 988 2936 1153 2983; x_wconf 75' lang='grc' dir='ltr'><em>μεγάλων</em></span> <span class='ocrx_word' id='word_1_381' title='bbox 1165 2936 1318 2983; x_wconf 72' lang='grc' dir='ltr'><strong><em>πόλεων,</em></strong></span> <span class='ocrx_word' id='word_1_382' title='bbox 1342 2936 1422 2973; x_wconf 72' lang='grc' dir='ltr'><strong>εἴτι</strong></span> <span class='ocrx_word' id='word_1_383' title='bbox 1434 2933 1735 2982; x_wconf 37' lang='grc' dir='ltr'><strong>πήδα-ἔπραξαν</strong></span> 
     </span>
    </p>
   </div>
  </div>
 </body>
</html>
