1929 3200
851 124 923 177 ‘....
965 141 1007 187 '7⁷‘
1050 166 1119 176 ....

211 269 293 310 ree,
307 257 569 312 'venatui-ias,
595 257 825 314 gymnicas,
851 255 1386 313 quibuvaacefdae‘monios
1415 257 1590 313 reliquis
1617 256 1748 301 Grae-

214 329 276 376 cis
304 342 469 388 semper
490 330 772 377 antecessisse
800 332 978 382 constat,
1006 329 1116 374 tanti
1142 327 1313 381 faceret,
1340 328 1415 385 qni
1442 328 1747 386 rempublicam

213 415 441 462 paucorum
469 403 654 448 consiliis
687 402 976 452 administrari
1001 402 1207 458 optimum
1242 401 1436 454 duceret,
1471 401 1546 458 qui
1571 401 1745 446 Graecis

211 488 397 532 pugnam
423 478 573 523 >eontra
600 474 826 518 Persarum
846 473 1068 529 imperium
1095 487 1122 517 a
1147 473 1494 518 Lacedaemoniis
1524 476 1614 516 tam
1637 472 1743 517 acri-

210 547 278 593 ter
300 549 537 602 susceptam
567 548 611 589 et
637 545 924 589 continuatam
950 558 1165 601 nunquam
1205 544 1501 602 deponendam
1527 556 1621 588 esse
1648 557 1744 588 cen-

211 620 334 671 seret,
364 619 436 673 qui
464 617 669 673 quidquid
697 617 961 673 praeclarum
990 620 1034 660 et
1058 617 1250 671 pulcrum
1262 617 1533 669 existimaret,
1562 615 1743 672 Spartae

210 702 371 733 summo
397 689 537 733 studio
563 688 643 733 coli
667 691 794 743 atque
819 687 1005 732 exerceri
1028 686 1212 739 videret,
1240 687 1278 731 is
1298 686 1440 731 facere
1478 700 1563 730 non
1588 686 1742 743 potuit,

212 759 313 815 quin
340 760 386 803 in
413 760 540 804 rebus
559 759 984 803 Lacedaemoniorum
1014 771 1252 814 eorumque,
1281 759 1354 813 qui
1379 761 1526 802 contra
1554 771 1625 802 eos
1655 761 1741 802 sta-

208 830 324 883 bant,
354 830 641 876 describendis
680 831 848 887 saepius
876 831 924 874 in
950 842 1136 874 errorem
1172 830 1378 874 incideret
1410 829 1622 886 variisque
1650 830 1739 887 opi-

206 892 401 947 nionibus
428 907 759 959 praeoccupatus
786 916 923 958 neque
949 902 1017 945 his
1044 915 1180 957 neque
1208 902 1292 945 illis
1316 915 1499 957 aequum
1516 901 1735 947 tribueret.

208 973 375 1026 Dubito,
405 988 503 1017 num
521 988 661 1017 rerum
688 974 868 1031 scriptor
880 974 926 1017 in
952 988 1016 1023 ea,
1040 988 1125 1029 qua
1137 973 1373 1029 Xenophon
1399 987 1501 1017 usus
1519 976 1596 1025 est,
1625 977 1740 1018 vitae

206 1046 373 1089 ratione
400 1046 637 1098 collocatus,
665 1060 792 1101 quum
820 1060 973 1097 rerum,
1000 1059 1107 1101 quas
1136 1046 1318 1101 scripsit,
1346 1046 1438 1100 ipse
1463 1058 1629 1101 semper
1649 1045 1739 1089 fere

207 1117 420 1174 particeps
446 1130 594 1173 neque,
624 1120 673 1160 ut
701 1117 977 1173 Thucydides,
1008 1130 1032 1159 e
1056 1117 1207 1161 mediis
1233 1118 1419 1173 partium
1446 1115 1644 1161 fluctibus
1671 1130 1737 1161 re-

206 1191 344 1233 motus
381 1192 510 1242 esset,
545 1189 612 1233 vel
647 1188 774 1233 etiam
812 1188 942 1233 multo
970 1189 1128 1233 maiore
1164 1203 1290 1244 quam
1316 1187 1553 1245 Xenophon
1578 1177 1739 1245 ingenii

207 1260 397 1304 acumine
423 1260 654 1316 praeditus,
684 1260 882 1303 amimum
907 1274 935 1303 a
961 1260 1100 1302 studio
1128 1261 1313 1315 partium
1342 1260 1525 1303 alienum
1569 1273 1737 1316 semper

207 1332 487 1388 praestiturus
514 1331 651 1376 fuerit.
707 1331 876 1386 Itaque,
904 1345 1157 1388 quamquam
1185 1331 1232 1375 in
1261 1330 1489 1384 Mansonis,
1520 1332 1606 1388 qui,
1630 1331 1734 1375 mul-

207 1403 265 1447 tis
291 1403 395 1446 locis
422 1402 476 1446 de
502 1403 726 1458 iniquitate
752 1403 898 1446 iudicii
917 1402 1212 1459 Xenophontei
1238 1403 1531 1447 exHellenicis
1561 1404 1734 1460 conges-

206 1475 264 1519 tis
279 1507 290 1526 ,
327 1474 519 1518 acerbius
556 1475 602 1517 in
631 1488 726 1518 eum
754 1474 985 1526 invehitur,
1023 1475 1275 1519 sententiam
1312 1464 1528 1519 discedere
1573 1474 1733 1528 dubito,

207 1549 349 1590 tamen
382 1559 518 1601 neque
551 1545 850 1597 Delbrueckio,
891 1547 1096 1589 acerrimo
1133 1546 1423 1602 Xenophontis
1465 1549 1645 1603 patrono
1682 1560 1735 1590 ac

207 1616 416 1662 defensori
429 1649 439 1668 ,
479 1616 551 1671 qui
586 1615 791 1660 laudabili
832 1616 972 1660 studio
995 1617 1043 1659 in
1070 1617 1263 1661 omnibus
1293 1622 1439 1660 contra
1465 1617 1631 1661 clientis
1669 1620 1734 1659 sui

206 1688 426 1732 veritatem
452 1687 693 1732 criminibus
722 1687 930 1732 diluendis
958 1689 1204 1744 plerumque
1232 1688 1391 1732 frustra
1416 1688 1615 1743 desudat,
1662 1702 1732 1733 ne·

207 1772 289 1814 que
327 1759 536 1816 Cypriane
573 1759 801 1809 assentior,
832 1759 905 1814 qui
941 1759 997 1803 ab
1032 1760 1308 1816 epitomatore
1342 1761 1606 1804 commissum
1639 1774 1734 1805 esse

208 1832 429 1884 existimat,
459 1835 508 1874 ut
534 1831 641 1875 fides
670 1831 854 1875 auctoris
881 1831 1086 1875 historiae
1114 1845 1291 1886 graecae
1317 1832 1434 1888 apud
1459 1846 1536 1876 nos
1571 1833 1617 1876 in
1643 1846 1731 1876 sus-

205 1903 412 1959 picionem
439 1902 611 1946 veniret.
667 1901 749 1946 Hic
773 1902 810 1946 si
830 1902 1056 1955 rationem,
1095 1916 1222 1958 quam
1244 1904 1495 1959 epitomator
1521 1903 1567 1946 in
1593 1903 1734 1947 Helle-

206 1974 311 2019 nicis
341 1972 685 2018 circumcidendis
717 1976 885 2017 secutus
912 1977 988 2026 est,
1015 1977 1131 2018 recte
1158 1974 1351 2030 explicat,
1377 1974 1639 2031 intelligitur,
1666 1988 1734 2019 re-

205 2045 372 2101 liquias,
401 2058 511 2103 quae
540 2045 597 2089 ad
625 2059 701 2088 nos
721 2049 1010 2101 pervenerunt,
1038 2046 1261 2102 pristinam
1284 2046 1424 2103 operis
1453 2046 1734 2091 conditionem

204 2117 443 2160 etiamnunc
461 2130 565 2172 prae
584 2130 630 2160 se
656 2117 777 2161 ferre.
835 2118 901 2160 An
916 2121 1056 2173 putas,
1084 2117 1130 2160 id
1155 2118 1211 2162 ab
1232 2119 1507 2173 epitomatore
1532 2119 1595 2162 ita
1614 2118 1732 2162 adul-

204 2191 385 2233 teratum
416 2202 530 2239 esse,
559 2191 608 2232 ut
634 2187 868 2244 Xenophon
894 2189 941 2234 in
964 2187 1213 2243 Hellenicis‚
1253 2190 1396 2245 qualia
1425 2189 1594 2245 quidem
1621 2203 1734 2235 nunc

205 2260 313 2312 sunt,
341 2258 450 2303 alius
478 2261 606 2314 atque
635 2259 681 2303 in
705 2258 880 2314 reliquis
903 2259 992 2303 suis
1023 2259 1145 2304 libris
1174 2261 1423 2305 exsisteret?
1453 2260 1593 2313 Quid?
1623 2260 1733 2313 Quo-

204 2329 328 2375 modo
356 2330 529 2385 probari
556 2333 707 2385 potest,
735 2331 1054 2386 epitomatorem
1080 2331 1127 2375 id
1153 2332 1307 2388 egisse,
1334 2336 1383 2376 ut
1412 2336 1553 2389 partes
1580 2332 1731 2388 operis,

207 2414 318 2458 quae
346 2401 494 2446 laudes
521 2400 947 2447 Lacedaemoniorum
986 2403 1275 2456 continebant,
1308 2403 1497 2460 integras
1533 2406 1731 2456 servaret,

206 2473 337 2526 alias,
370 2472 482 2516 unde
520 2473 689 2517 eosdem
717 2474 855 2516 minus
874 2474 1111 2519 laudandos
1139 2489 1233 2519 esse
1260 2475 1506 2531 apparebat,
1534 2476 1731 2521 eiiceret3

184 2544 327 2611 ⁴‚Quod
365 2558 414 2588 eo
442 2545 579 2588 minus
604 2545 726 2589 nobis
753 2546 960 2608 probatur
973 2580 984 2599 ‚
1022 2561 1105 2602 quo
1132 2547 1256 2603 plura
1279 2547 1324 2591 in
1351 2546 1580 2592 Hellenicis
1612 2561 1731 2604 repe-

203 2616 381 2667 riuntur,
411 2628 520 2671 quae
558 2615 685 2660 etiam
720 2608 975 2673 reliquorum
1003 2618 1293 2675 Xenophontis
1329 2618 1530 2663 librorum
1557 2620 1732 2675 propria

203 2691 312 2731 sunt.
371 2686 564 2730 Studium
591 2688 833 2741 laconicum,
864 2690 981 2733 cuius
1009 2694 1161 2746 aperta
1195 2691 1240 2734 in
1276 2689 1357 2734 hoc
1394 2703 1521 2746 opere
1553 2692 1732 2748 vestigia

205 2757 587 2816 deprehenduntur,
612 2759 900 2817 epitomatoris
925 2761 1027 2805 vitio
1055 2761 1100 2805 in
1128 2761 1173 2806 id
1201 2760 1385 2806 infusum
1409 2776 1503 2807 esse
1528 2776 1584 2808 ne
1609 2766 1729 2820 pute-

200 2843 306 2883 mus,
334 2830 562 2877 admonent
580 2832 723 2889 plures
751 2833 862 2877 inter
888 2834 1072 2889 reliquos
1101 2834 1286 2879 auctoris
1313 2835 1463 2889 libros,
1500 2838 1550 2879 ut
1574 2835 1646 2891 qui
1675 2835 1730 2881 de

200 2902 421 2959 republica
446 2901 873 2950 Lacedaemoniorum
897 2908 940 2957 et
957 2904 1276 2951 Atheniensium
1305 2910 1424 2960 sunt,
1465 2906 1578 2952 unde
1603 2920 1733 2963 quan-
