1929 3200
826 155 1107 200 ...33-

230 262 374 315 cietati
388 268 622 315 Laconicae
645 268 933 327 adiungerent,
960 282 1090 326 quum
1110 279 1168 314 ‘ex
1191 281 1333 314 eorum
1350 268 1600 326 proditione,
1628 282 1756 326 quam

121 357 123 359 ’
173 378 175 380 ,
232 340 361 384 etiam
388 354 483 384 cum
510 341 764 392 adversariis
801 341 1060 385 reconciliati
1086 355 1241 399 parare
1265 342 1358 386 ausi
1386 345 1504 393 sunt,
1541 345 1631 385 tum
1655 355 1756 386 vero

200 443 203 446 <
229 409 329 454 inde
355 415 551 468 apparet,
591 412 704 467 quod
741 411 895 456 armati
924 411 1132 457 Craneum
1168 412 1488 466 contenderunt,
1520 415 1569 456 ut
1605 427 1674 457 res
1701 413 1756 457 iis

229 495 315 526 non
339 483 558 538 imparatis
586 484 796 528 accideret
822 488 1069 540 propterea,
1102 488 1151 528 ut
1181 486 1391 542 suspicor,
1431 485 1546 540 quod
1579 485 1663 541 ipsi
1698 485 1756 529 ad

230 552 365 597 simile
393 554 495 612 quid
522 555 729 608 instructi,
757 555 1089 613 promptitudine
1116 559 1258 601 autem
1285 555 1558 614 magistratus
1585 569 1756 614 oppres-

232 625 270 666 si
292 630 412 669 erant
444 627 509 680 (cf.
541 628 670 670 Grote
697 628 735 670 V
763 642 806 682 p.
835 633 946 678 264).
1005 628 1143 682 Atque
1167 629 1371 671 eiusmodi
1405 628 1645 672 hominibus
1684 642 1757 683 pa-

229 695 356 739 triam
382 697 427 740 in
453 697 692 747 libertatem
719 698 932 743 vindicare
954 698 1000 742 in
1030 698 1169 742 animo
1198 698 1328 742 fuisse
1354 699 1556 756 pacisque
1584 712 1655 743 eos
1672 702 1756 742 stu-

231 766 372 811 diosos
398 768 528 813 fuisse
555 770 670 825 apud
687 769 1009 827 Xenophontem
1035 769 1213 827 legimus
1239 769 1326 826 (IV,
1354 775 1394 822 4,
1411 775 1435 813 6
1462 770 1759 827 πειρωμένους

230 836 370 898 δὲτὴν
396 842 595 899 πατρίδα,
625 837 772 900 ὥσπερ
800 834 853 900 ἦν
878 844 950 886 καὶ
979 841 1027 896 ἐξ
1054 838 1197 900 ἀρχῆς,
1227 839 1457 900 Κόρινθον
1480 845 1657 901 ποιῆσαι
1686 843 1758 886 καὶ

229 907 464 970 ἐλευθέραν
488 909 714 967 ἀποδεῖξαι
745 937 799 945 -—
837 911 1014 973 εὐνομίᾳ
1049 914 1097 957 δὲ
1133 913 1360 971 χρωμένην
1399 919 1444 958 et
1483 914 1554 967 IV,
1585 919 1623 966 4,
1662 920 1684 956 1
1718 911 1758 957 οἱ

228 984 422 1027 πλεῖστοι
459 986 531 1028 καὶ
570 986 785 1039 βέλτιστοι
816 982 966 1029 αὐτῶν
1018 981 1185 1042 εἰρήνης
1222 984 1528 1043 ἐπεθύμησαν).
1596 986 1678 1038 Qui
1705 986 1760 1029 de

230 1067 393 1107 amore,
423 1071 505 1111 quo
531 1072 701 1102 causam
727 1058 978 1102 Laconicam
1015 1058 1234 1113 amplexus
1273 1062 1358 1109 est,
1410 1059 1649 1102 etiamnunc
1684 1057 1759 1100 du·

229 1125 349 1180 bitat,
377 1128 414 1171 is
442 1143 570 1184 quum
594 1130 767 1186 legerit,
806 1121 888 1186 quo
926 1129 1082 1186 gaudio
1119 1129 1270 1174 caedes
1293 1130 1541 1186 Argivorum
1576 1144 1604 1173 a
1632 1129 1758 1185 Spar-

230 1199 341 1242 tanis
368 1199 565 1252 „deorum
591 1205 756 1257 opera“,
781 1204 831 1244 ut
856 1201 1076 1258 opinatur,
1116 1200 1232 1245 facta
1269 1215 1364 1245 eum
1401 1201 1561 1246 afficiat
1600 1201 1689 1258 (IV,
1717 1206 1757 1253 4,

233 1272 317 1324 12),
331 1285 419 1315 *nos
446 1276 560 1317 recte
588 1273 828 1318 existimare
850 1272 1065 1317 fatebitur.

365 1342 458 1387 Hoc
485 1344 579 1388 loco
607 1344 853 1400 IphicrateS,
881 1343 1000 1387 cuius
1027 1342 1139 1386 inde,
1157 1357 1186 1387 a
1222 1344 1334 1388 bello
1364 1343 1631 1387 Corinthiaco
1659 1357 1757 1399 par-

230 1417 295 1458 tes
321 1428 461 1459 rerum
487 1415 741 1460 Graecarum
757 1414 1007 1471 praecipuas
1029 1428 1123 1459 esse
1140 1413 1340 1467 videmus,
1369 1415 1485 1472 apud
1503 1414 1754 1471 Xenophon-

230 1490 316 1531 tem
333 1487 379 1531 in
404 1487 588 1531 medium
614 1487 816 1543 procedit.
873 1485 1049 1530 Praeter
1078 1485 1398 1543 Thrasybulum,
1425 1487 1479 1531 de
1504 1500 1587 1542 quo
1615 1485 1686 1537 IV,
1716 1490 1757 1537 8,

229 1561 309 1600 31:
338 1553 643 1616 Θρασύβουλος
667 1558 745 1616 μὲν
774 1554 837 1616 δὴ,
864 1551 979 1614 μάλα
1003 1556 1151 1601 δοκῶν
1180 1552 1288 1614 α’νὴρ
1319 1552 1488 1614 α’γαθὸς
1525 1553 1648 1618 εἶναι,
1686 1555 1759 1601 ille

230 1629 346 1672 solus
369 1634 435 1673 est
461 1630 740 1683 Atheniensis,
770 1643 893 1685 quem
913 1629 1149 1686 Xenophon
1182 1642 1284 1672 vera
1313 1629 1592 1673 admiratione
1616 1642 1759 1685 prose·

230 1703 351 1744 cutus
380 1703 455 1755 est,
485 1704 688 1756 quantum
714 1700 883 1756 quidem
911 1700 970 1752 id,
999 1700 1117 1745 salva
1143 1699 1573 1744 Lacedaemoniorum
1609 1699 1757 1756 gloria,

229 1771 323 1815 fieri
348 1775 503 1828 posset.
561 1772 697 1825 Quum
724 1772 835 1817 enim
861 1774 1073 1816 certamen
1100 1771 1216 1815 intra
1236 1784 1392 1823 muros,
1421 1771 1494 1826 qui
1511 1769 1758 1814 Corinthum

229 1856 324 1886 cum
350 1843 542 1888 Lechaeo
570 1843 890 1900 coniungebant,
920 1843 1140 1895 describit,
1177 1855 1261 1885 uno
1297 1845 1462 1885 tantum
1497 1842 1626 1886 verbo
1662 1856 1758 1885 eum

226 1914 289 1959 ibi
315 1914 487 1959 affuisse
515 1915 618 1960 dicit
643 1915 730 1974 (IV,
759 1920 799 1968 4,
830 1919 885 1969 9).
941 1914 1064 1959 Diod.
1091 1915 1234 1958 autem
1270 1912 1380 1966 XIV,
1411 1916 1464 1956 86
1492 1917 1536 1957 et
1556 1913 1755 1971 Polyaen.

227 1984 260 2037 Ι,
291 1991 330 2037 9,
358 1990 428 2039 45,
454 1987 614 2043 primas
635 1987 698 2030 illi
724 1985 822 2030 duci
845 1986 893 2030 in
918 1985 1000 2030 hac
1035 1999 1084 2029 re
1116 1984 1317 2029 tribuunt.
1373 1984 1536 2028 Novum
1577 1985 1757 2029 militum

228 2070 371 2115 genus,
399 2058 472 2114 qui
498 2058 708 2115 peltastae
734 2060 948 2110 vocantur,
977 2056 1034 2102 ab
1061 2055 1275 2114 Iphicrate
1302 2056 1480 2100 aliorum
1506 2057 1757 2102 testimoniis

225 2128 273 2173 id
295 2130 496 2186 temporis
521 2130 746 2182 inventum,
775 2129 902 2185 quale
928 2128 1079 2181 fuerit,
1119 2141 1148 2172 a
1172 2127 1473 2184 Xenophonte,
1519 2129 1593 2184 qui
1629 2129 1757 2173 rebus

225 2199 478 2246 militaribus
514 2200 623 2246 adeo
659 2198 969 2252 delectabatur,
1017 2211 1103 2243 non
1141 2198 1345 2256 explicari
1381 2213 1484 2244 sane
1522 2202 1606 2254 est,
1643 2200 1757 2256 quod

224 2271 433 2316 miremur.
488 2272 589 2317 Illos
615 2272 769 2317 milites
796 2285 876 2315 nec
903 2270 1041 2330 minus
1077 2270 1213 2314 socios
1241 2270 1642 2326 Peloponnesiacos,
1682 2272 1756 2327 qui

225 2356 298 2389 eos
336 2344 580 2391 metuebant
615 2343 702 2401 (IV,
739 2348 778 2398 4,
808 2348 900 2399 17),
936 2356 965 2387 a
1000 2340 1345 2386 Lacedaemoniis
1388 2341 1571 2399 superbe
1607 2342 1754 2387 irrisos

225 2430 318 2461 esse
344 2416 461 2462 haud
488 2420 673 2475 gravate,
702 2419 751 2460 ut
765 2415 944 2469 videtur,
969 2413 1204 2470 Xenophon
1220 2413 1354 2458 tradit
1369 2413 1597 2467 immemor,
1627 2428 1754 2471 quam

223 2486 484 2534 formidolosi
529 2476 680 2547 postea
714 2486 949 2544 Spartanis·
988 2486 1206 2531 extiterint
1245 2487 1487 2542 quantaque
1523 2499 1597 2530 eos
1631 2485 1754 2530 clade

223 2560 451 2605 affecerint.
507 2560 592 2605 Sed
616 2560 733 2605 illam
769 2559 1054 2604 calamitatem
1095 2558 1403 2602 atrocissimam
1438 2559 1502 2601 ita
1539 2557 1753 2609 describit,

222 2634 271 2676 ut
297 2634 556 2689 quantopere
581 2630 813 2689 provideat,
841 2644 895 2675 ne
921 2629 1026 2686 quid
1054 2628 1108 2673 de
1138 2628 1275 2686 gloria
1298 2628 1528 2673 amicorum
1557 2627 1752 2673 detraha-

221 2705 303 2757 tur,
333 2716 454 2748 nemo
480 2716 565 2748 non
590 2701 811 2760 intelligat.
868 2699 915 2745 Si
941 2699 1128 2745 studium
1150 2699 1376 2754 Laconum,
1406 2699 1531 2756 quod,
1561 2699 1599 2744 si
1627 2712 1753 2756 quae-

221 2789 367 2832 quam,
395 2775 501 2821 haec
527 2775 716 2821 narratio
760 2773 816 2819 de
849 2787 993 2818 morae
1024 2771 1316 2817 interfectione
1356 2771 1530 2824 redolet,
1569 2772 1752 2824 omittas,

220 2845 292 2892 hic
313 2860 449 2901 casus,
478 2847 595 2892 cuius
623 2849 812 2892 oratores
839 2849 1036 2903 posterae
1062 2844 1218 2890 aetatis
1246 2842 1363 2888 velut
1387 2842 1610 2888 clarissimi
1637 2841 1752 2900 Iphi-

219 2918 348 2962 cratis
373 2917 571 2963 facinoris
598 2918 752 2962 iterum
776 2920 907 2974 atque
943 2917 1099 2961 iterum
1125 2915 1383 2959 mentionem
1412 2913 1586 2967 faciunt,
1614 2927 1643 2958 a
1669 2914 1751 2958 Xe-

1478 2982 1506 3025 3
