1929 3200
842 148 1123 192 -32-

216 262 326 305 inter
354 274 438 315 eas,
469 243 577 318 quae
606 275 681 305 suo
703 265 891 318 tempore
916 260 1054 305 factae
1083 263 1193 312 sunt,
1222 261 1380 305 nullam
1408 261 1566 306 habere
1592 262 1659 306 sui
1686 263 1742 306 si-

216 334 355 379 milem
384 334 597 376 existimat
623 332 709 385 (IV,
740 337 833 384 3,16
863 332 934 374 καὶ
971 329 1052 388 γὰρ
1098 330 1267 387 ἐγένετο
1306 330 1377 375 οἵα
1404 329 1488 375 ov'x
1516 329 1623 389 ἄλλη
1650 334 1744 376 τῶν

219 399 285 457 ἐφ’
311 398 466 460 ἡμῶν).
523 403 616 447 Hoc
643 416 745 446 sane
773 403 949 446 obscure
978 406 1043 445 est
1062 401 1219 445 dictum
1245 416 1381 458 neque
1405 402 1550 458 liquet,
1576 403 1630 447 de
1656 404 1743 459 qui-

219 475 298 518 bus
335 474 743 518 dissimilitudinibus
772 474 1005 528 Xenophon
1045 473 1169 517 dicat.
1229 473 1294 524 Si,
1342 480 1390 518 ut
1423 476 1558 530 primo
1596 475 1746 519 obtutu

219 546 500 601 suspicamur,
536 545 839 588 Coroneensem
868 544 980 587 illius
1008 545 1161 587 aetatis
1199 545 1383 588 omnium
1412 558 1506 589 eam
1529 545 1659 589 fuisse
1684 546 1745 589 iu-

218 617 343 668 dicat,
373 618 417 659 in
446 631 530 671 qua
556 617 725 671 plurimi
751 617 903 658 milites
931 617 1141 669 utrimque
1169 620 1430 676 pugnassent
1462 622 1538 659 aut
1577 617 1745 659 cecidis-

221 690 326 737 sent,
355 689 431 729 aut
448 700 533 741 qua
551 700 652 743 opes
670 686 840 729 victoris
859 685 995 741 partis
1013 685 1193 729 maxime
1211 685 1416 729 infractae
1436 690 1586 739 essent,
1618 700 1744 742 quum
1806 710 1812 715 ,

218 757 355 812 qualis
375 756 502 800 fuerit
513 757 732 800 Leuctrica
747 762 789 800 et
801 756 1114 809 Mantineensis,
1142 763 1394 812 reputemus,
1423 756 1745 816 Xenophontem

220 830 340 884 quasi
377 823 640 886 παραδόξως
684 829 895 873 iudicasse
933 828 1200 873 manifestum
1239 834 1313 873 est.
1382 829 1593 873 Proelium
1628 829 1746 882 illud,

218 901 330 954 quod
358 900 470 943 idem
499 904 646 943 auctor
673 901 718 942 in
745 900 944 956 Agesilao
983 901 1192 956 copiosius
1223 901 1423 943 describit
1464 910 1517 949 (c.
1549 906 1600 943 13
1617 905 1746 952 ---15),

217 970 332 1013 haud
367 972 629 1014 incruentum
665 976 708 1014 et
745 972 790 1013 in
819 986 902 1026 quo
935 973 1138 1015 acerrime
1175 972 1384 1026 utrimque
1424 976 1627 1015 certatum
1669 975 1745 1022 est,

217 1042 324 1085 adeo
357 1042 623 1086 vehementer
659 1044 844 1086 animum
872 1042 1164 1099 Xenophontis
1192 1043 1461 1085 commovisse
1495 1056 1622 1097 seque
1663 1056 1745 1085 me-

218 1113 377 1156 moriae
404 1114 493 1156 eius
522 1112 710 1156 infixisse
739 1113 916 1165 videtur,
942 1119 990 1156 ut
1019 1127 1144 1156 sensu
1181 1113 1270 1155 eius
1311 1118 1642 1168 praeoccupatus
1681 1113 1748 1156 vel

219 1184 419 1239 deceptus
440 1185 494 1227 de
521 1184 706 1239 reliquis,
737 1185 889 1238 quibus
917 1198 1003 1226 non
1031 1184 1184 1236 adfuit,
1214 1198 1298 1226 non
1335 1188 1449 1226 recte
1479 1185 1745 1227 existimaret.

220 1255 341 1308 Quod
370 1256 406 1299 si
433 1260 548 1300 recte
576 1256 820 1307 statuimus,
848 1256 1101 1312 permultum
1145 1256 1197 1299 de
1227 1255 1513 1311 Xenophontis
1550 1260 1642 1299 arte
1667 1256 1746 1299 vir-

217 1331 386 1381 uteque,
416 1341 500 1381 qua
527 1327 726 1369 historias
756 1341 858 1370 suae
884 1328 1037 1370 aetatis
1067 1327 1245 1381 scripsit,
1277 1326 1443 1369 detrahi
1471 1340 1642 1369 necesse
1671 1330 1747 1369 est.

220 1397 415 1441 Ceterum
440 1412 610 1454 pugnae
638 1398 752 1453 apud
771 1397 1004 1441 Coroneam
1032 1398 1353 1452 descriptionem
1382 1398 1437 1441 ab
1463 1404 1634 1441 auctore
1662 1412 1747 1441 ma-

220 1470 333 1512 xime
359 1469 418 1512 ad
445 1470 632 1525 Agesilai
655 1469 823 1512 laudem
839 1470 1111 1524 compositam
1138 1482 1230 1512 esse
1260 1470 1352 1524 quis
1382 1473 1447 1512 est
1469 1470 1571 1524 quin
1596 1469 1747 1512 intelli-

223 1542 324 1596 gat?
382 1541 433 1582 In
459 1540 573 1582 illius
602 1540 816 1582 celeritate
853 1540 1017 1583 consilii
1053 1543 1096 1582 et
1124 1540 1363 1590 clementia,
1403 1554 1525 1595 quam
1540 1574 1549 1590 ‚
1589 1540 1748 1595 proelio

223 1612 355 1663 finito,
386 1613 610 1667 praestitit,
640 1613 795 1654 multus
824 1616 889 1655 est
918 1611 987 1662 (cf.
1014 1611 1084 1663 IV,
1116 1617 1154 1662 3,
1193 1617 1244 1654 19
1283 1610 1477 1655 ἐνταῦθα
1511 1603 1563 1668 δὴ
1597 1608 1750 1668 Ἀγησί-

225 1686 334 1726 λαον
360 1682 563 1739 ἀνδρεῖον
587 1682 666 1739 μὲν
700 1681 862 1735 ἔξεστιν
894 1682 1028 1725 εἰπεῖν
1066 1677 1454 1742 ᾴναμφισβητήτως
1475 1685 1568 1726 κτλ.
1609 1687 1654 1726 et
1679 1683 1748 1735 IV,

226 1759 265 1805 3,
297 1758 390 1806 2Ο);
416 1753 710 1796 Thebanorum
738 1754 1000 1808 praeclaram
1030 1754 1225 1796 virtutem
1259 1754 1396 1796 obiter
1430 1754 1555 1796 modo
1594 1758 1638 1796 et
1674 1767 1751 1809 per

225 1825 487 1869 occasionem
515 1825 698 1879 attingit.
755 1824 848 1866 Etsi
876 1823 1164 1879 Xenophontis
1193 1825 1443 1875 narrationi,
1486 1825 1750 1879 quantumvis

227 1895 358 1939 studii
384 1895 511 1952 plena
536 1894 715 1950 ideoque
744 1898 939 1951 suspecta
964 1894 1139 1947 videtur,
1167 1894 1264 1951 plus
1284 1894 1399 1939 haud
1429 1895 1555 1939 dubie
1582 1895 1683 1939 fidei
1708 1899 1751 1940 et

225 1966 491 2010 auctoritatis
521 1979 647 2020 quam
684 1966 779 2008 aliis
809 1966 1082 2020 scriptoribus
1125 1966 1391 2009 tribuendum
1430 1970 1513 2016 est,
1550 1968 1752 2010 miramur

225 2040 379 2090 tamen,
409 2036 522 2091 quod
548 2037 621 2079 isti
647 2050 832 2092 pugnam
858 2037 976 2079 illam
1014 2037 1117 2080 satis
1146 2038 1317 2082 dubiam
1343 2037 1473 2081 fuisse
1511 2037 1655 2082 dicunt
1682 2037 1751 2093 (cf.

226 2107 467 2151 Schneider.
493 2107 551 2149 ad
577 2106 648 2157 IV,
680 2111 717 2157 3,
745 2111 796 2148 21
826 2111 869 2149 et
898 2107 1026 2149 Grote
1051 2107 1097 2150 V.
1126 2123 1165 2162 p.
1198 2113 1279 2150 252
1306 2113 1398 2164 sq).

362 2177 444 2230 Qui
458 2177 704 2221 seditionem
719 2176 1038 2228 Corinthiacam‚
1057 2192 1182 2233 quam
1197 2179 1349 2223 deinde
1364 2179 1446 2231 (IV,
1458 2184 1501 2233 4)
1516 2179 1750 2235 Xenophon

226 2249 418 2304 exponit,
443 2248 613 2304 legerit,
643 2249 679 2290 is
706 2252 749 2291 et
778 2249 1025 2304 gravitatem
1055 2251 1257 2292 orationis
1284 2251 1453 2293 uberius
1481 2249 1661 2301 fluentis,
1691 2250 1752 2294 fa-

228 2320 307 2364 cile
335 2319 530 2364 laudabit
558 2322 601 2363 et
631 2319 889 2373 scriptorem,
921 2319 1032 2374 quod
1060 2321 1103 2362 in
1131 2334 1223 2372 eos,
1255 2321 1326 2375 qui
1352 2320 1564 2364 Laconum
1594 2320 1750 2365 studio·

228 2406 297 2436 sos
335 2391 599 2436 atrocissime
639 2390 1012 2443 obtruncaverunt,
1061 2405 1144 2435 non
1179 2405 1392 2448 propensa
1427 2395 1492 2435 est
1526 2391 1752 2444 voluntate,

227 2463 493 2507 assentietur.
566 2461 688 2513 Quod
727 2475 824 2503 vero
864 2463 936 2517 qui
972 2463 1154 2517 patriam
1194 2462 1535 2506 Lacedaemoniis
1575 2462 1754 2518 prodere

228 2535 367 2578 conati
395 2538 504 2586 sunt,
532 2538 679 2588 aperte
705 2534 854 2576 laudat
894 2534 980 2586 (IV,
1009 2539 1049 2585 4,
1081 2538 1100 2576 l
1139 2539 1182 2577 et
1210 2536 1266 2582 6.)
1281 2567 1290 2584 ,
1320 2535 1389 2576 vix
1415 2535 1633 2578 tolerabile
1658 2549 1754 2591 par-

227 2606 333 2649 tium
372 2605 556 2648 studium
581 2609 647 2648 est
675 2609 719 2648 et
747 2605 856 2648 mira
882 2604 1072 2661 profecto
1100 2605 1316 2648 iniustitia.
1376 2605 1583 2649 Pasimelo
1612 2610 1656 2650 et
1681 2606 1754 2662 qui

229 2690 323 2720 cum
351 2690 401 2719 eo
428 2681 567 2727 eraut,
607 2677 681 2731 qui
706 2678 903 2719 πλεῖστοι
937 2676 1009 2718 καὶ
1049 2676 1264 2728 βέλτιστοι
1300 2675 1428 2719 fuisse
1473 2690 1608 2732 neque
1635 2677 1754 2733 quid·

230 2761 376 2802 quam,
413 2761 495 2803 quo
533 2748 717 2791 furorem
747 2748 1077 2792 adversariorem
1113 2747 1368 2799 excitarent,
1411 2748 1665 2792 commisisse
1696 2747 1756 2792 di-

232 2822 378 2863 cunter
421 2819 503 2862 nisi
539 2819 652 2875 quod
701 2819 819 2876 pacis
857 2822 1047 2865 amantes
1087 2822 1207 2863 erant
1245 2816 1330 2872 (ἐπὶ
1369 2815 1447 2876 τὴν
1484 2814 1654 2877 εἰρήνην
1691 2834 1755 2863 τε-

232 2890 469 2947 τραμμένοι
494 2890 566 2942 IV,
598 2894 636 2943 5,
667 2896 708 2944 2)
722 2925 732 2943 ,
762 2891 842 2935 hoc
868 2891 1131 2948 propositum
1156 2889 1305 2941 fuisse,
1344 2894 1391 2934 ut
1418 2890 1663 2936 Corinthum
1691 2904 1756 2936 so-
