1929 3200
811 172 1078 217 .--6-

192 291 288 335 Non
323 290 478 350 acriter
500 290 726 341 scrutatur,
756 285 968 344 quemodo
998 286 1086 333 alia
1121 299 1175 333 ex
1209 287 1297 337 alia
1323 292 1428 347 apta
1453 288 1735 347 eolligahqu'e

193 364 261 416 sit,
289 377 495 420 quaenam
524 363 582 407 sit
608 363 728 419 origo
756 363 886 417 atque
913 359 1021 413 fons,
1050 359 1164 405 unde
1200 362 1464 408 manaverint
1490 362 1609 408 dirae
1633 360 1733 406 illae

192 435 449 489 discordiae,
488 449 597 493 quae
627 433 849 479 Graeciam
882 445 960 490 per
995 435 1061 476 tot
1092 445 1226 480 annos
1259 434 1412 479 misere
1438 434 1664 480 turbarunt
1690 434 1734 477 et

191 507 363 551 tandem
388 506 780 563 pessumdiderunt,
807 503 913 559 quid
940 503 998 549 ad
1035 506 1193 549 statum
1231 506 1447 550 civitatum
1475 505 1734 563 singularum

190 578 498 622 immutandum
524 576 745 627 valuerint,
775 589 884 630 quae
911 574 1069 620 fuerint
1091 576 1321 633 praecipua
1346 577 1575 622 factionum
1601 574 1735 621 consi·

189 648 259 701 lia,
293 649 474 705 denique
503 663 613 705 quae
638 659 825 691 summae
852 649 897 690 et
923 646 1207 692 immutabiles
1234 647 1437 694 historiae
1463 650 1579 707 leges
1607 663 1660 694 ex
1684 645 1734 692 il-

190 720 243 763 lis
271 721 487 777 perpetuis
512 733 654 764 rerum
670 719 928 762 Graecarum
951 716 1151 763 fluctibus
1169 720 1485 776 cognoscendae
1504 722 1600 773 sint,
1627 721 1734 767 haec

191 793 235 834 et
261 804 370 845 quae
396 791 481 834 alia
500 793 598 834 sunt
618 788 824 833 eiusmodi
842 788 1052 843 scriptori,
1082 789 1156 844 qui
1172 789 1288 834 illam
1312 794 1494 835 aetatem
1513 796 1732 837 eventuum

188 862 396 906 varietate
432 861 640 918 insignem
686 860 840 904 litteris
885 859 1182 904 illustrandam
1223 862 1426 918 suscepit,
1467 876 1731 919 nequaquam

189 933 433 985 omittenda,
463 948 490 977 a
518 931 799 989 Xenophonte
816 944 991 988 prorsus
1019 932 1212 990 neglecta
1240 936 1347 977 sunt.
1544 991 1553 995 -

325 1004 391 1047 Ex
408 1004 494 1057 illa,
524 1004 642 1048 euius
671 1004 927 1047 mentionem
954 1002 1142 1055 fecimus,
1168 1004 1327 1060 ingenii
1341 1004 1633 1061 Xenophontei
1656 1018 1728 1049 na·

189 1080 287 1120 tura
313 1089 398 1119 non
426 1076 563 1119 minus
594 1088 722 1130 quam
750 1087 803 1117 ex
833 1075 1007 1119 consilio
1037 1076 1230 1132 angustis
1254 1076 1408 1121 finibus
1425 1077 1726 1132 cirumscripto,

190 1147 304 1203 quod
332 1148 377 1190 in
403 1147 583 1190 historia
611 1145 836 1190 scribenda
866 1147 986 1202 sequi
1017 1146 1143 1198 solet,
1180 1147 1361 1191 maxime
1397 1147 1629 1204 repetenda
1665 1150 1730 1192 est

190 1220 441 1276 gravissima
469 1219 674 1270 omnium,
710 1217 757 1260 in
794 1231 901 1272 quas
933 1217 1093 1269 incidit,
1121 1219 1392 1273 reprehensio
1419 1219 1446 1262 i.
1477 1233 1513 1263 e.
1538 1219 1728 1263 immodi·

191 1304 285 1335 cum
305 1289 413 1334 illud
427 1288 858 1334 Lacedaemoniorum
886 1287 1083 1340 studium,
1114 1302 1197 1345 quo
1225 1288 1418 1333 effectum
1446 1293 1523 1342 est,
1553 1294 1601 1334 ut
1622 1289 1729 1334 fides

192 1366 237 1406 et
271 1362 504 1406 auctoritas
541 1360 857 1404 Hellenicorum
896 1374 925 1403 a
960 1359 1103 1403 multis
1143 1374 1278 1415 neque
1320 1374 1486 1417 semper
1521 1362 1729 1406 immerito

192 1436 392 1490 suspecta
421 1431 642 1490 habeatur.
699 1431 839 1487 Atque
866 1429 949 1482 ille,
976 1430 1049 1485 qui
1065 1429 1209 1483 fertur,
1237 1430 1510 1477 Laconismus
1532 1445 1616 1475 non
1642 1436 1730 1477 tam

193 1505 239 1548 in
268 1517 318 1548 eo
357 1503 565 1555 cernitur,
603 1501 716 1557 quod
743 1501 884 1545 studio
905 1513 1058 1544 causae
1086 1501 1322 1546 Laconicae
1349 1507 1594 1547 occaecatus
1622 1503 1729 1548 falso

195 1575 248 1618 de
276 1575 341 1626 iis,
372 1584 481 1628 quae
505 1572 569 1616 illi
599 1584 826 1627 eorumque
854 1570 1088 1615 adversarii
1115 1576 1357 1627 gesserunt,
1386 1573 1566 1625 iudicet,
1603 1587 1726 1628 quam

195 1645 308 1701 quod
337 1644 382 1688 in
407 1644 536 1689 rebus
565 1657 709 1689 eorum
724 1641 986 1700 explicandis
1014 1642 1171 1687 multus
1200 1646 1244 1687 et
1267 1643 1469 1688 verbosus
1493 1647 1570 1697 est,
1601 1644 1727 1689 Athe-

194 1717 402 1764 niensium
431 1719 585 1769 autem,
615 1714 909 1759 Thebanorum
925 1747 935 1767 ,
974 1713 1176 1766 aliarum,
1211 1728 1320 1769 quae
1345 1716 1546 1760 adversus
1573 1716 1727 1761 Lacae-

196 1787 438 1833 daemonios
467 1787 553 1830 illis
578 1785 840 1842 temporibus
869 1788 1087 1839 steterunt,
1116 1799 1186 1829 res
1211 1785 1379 1831 fortiter
1395 1787 1727 1844 excellenterque

195 1862 340 1916 gestas
364 1862 440 1902 aut
466 1871 594 1914 saepe
613 1857 769 1901 omittit
792 1858 869 1900 aut
892 1856 1005 1900 iusto
1028 1856 1196 1901 brevius
1223 1871 1274 1901 ac
1294 1858 1575 1915 negligentius
1605 1872 1728 1916 expo-

195 1931 270 1974 nit.
329 1929 375 1973 Si
404 1928 519 1984 quali
545 1927 674 1972 fuerit
702 1927 872 1984 ingenio
896 1926 1153 1983 Xenophon,
1183 1932 1298 1973 recte
1324 1929 1616 1981 intelleximus,
1642 1943 1727 1974 non

196 2004 263 2045 est
287 2001 451 2052 mirum,
480 2000 593 2055 quod
606 1999 800 2056 magistri
828 1998 1018 2055 exemplo
1038 1998 1316 2043 Athenienses
1345 2013 1571 2056 eorumque
1590 2014 1727 2046 mores

197 2076 418 2118 aversatus
446 2070 821 2122 Lacedaemonios,
861 2071 973 2114 viros
1000 2070 1152 2123 fortes,
1193 2072 1266 2126 qui
1299 2072 1344 2114 in
1374 2072 1487 2115 illius
1524 2073 1725 2130 temporis

196 2158 360 2189 morum
379 2143 618 2200 corruptela
646 2145 689 2186 et
714 2141 923 2197 pravitate
950 2142 996 2185 in
1023 2142 1113 2186 dies
1141 2144 1277 2199 magis
1306 2143 1519 2200 gliscente,
1550 2145 1727 2190 maxime
1796 2172 1798 2174 -

197 2218 382 2260 omnium
398 2216 586 2272 gentium
605 2214 770 2269 priscae
784 2213 937 2257 aetatis
967 2213 1231 2269 disciplinam
1260 2229 1452 2259 servasse
1467 2219 1511 2260 et
1537 2217 1594 2260 ad
1614 2218 1727 2261 illius

196 2288 405 2345 imaginis,
439 2285 735 2347 «1001110111ωο
764 2287 1023 2340 conceperat,
1054 2285 1370 2330 similitudinem
1396 2287 1586 2344 proxime
1613 2302 1727 2334 acce-

198 2360 299 2403 dere
330 2360 369 2402 ei
404 2358 680 2408 videbantur,
719 2369 768 2400 eo
804 2356 1087 2400 vehementius
1127 2358 1411 2402 adamaverat.
1471 2359 1607 2411 Quum
1636 2360 1729 2416 ipse

197 2431 319 2487 quasi
363 2430 519 2473 invitus
554 2428 858 2485 Spartanorum
893 2428 1062 2484 ingenio
1110 2432 1153 2473 et
1199 2429 1387 2474 moribus
1423 2430 1556 2486 ipsius
1595 2430 1728 2476 indoli

195 2502 303 2547 adeo
333 2502 619 2546 consimilibus
641 2501 892 2552 afficeretur,
922 2502 966 2543 et
981 2500 1107 2557 longo
1125 2514 1204 2545 usu
1222 2502 1615 2558 consuetudineque,
1638 2503 1727 2559 qui-

197 2575 277 2618 bus
308 2587 401 2617 cum
429 2574 482 2616 iis
510 2574 677 2617 iunctus
707 2577 810 2625 erat,
841 2576 885 2617 et
911 2572 1148 2626 beneficiis,
1176 2587 1284 2629 quae
1326 2573 1382 2617 ab
1409 2574 1462 2617 iis
1490 2577 1723 2630 acceperat,

196 2644 391 2690 effectum
420 2647 501 2696 est,
530 2647 579 2688 ut
606 2648 741 2689 totum
769 2644 858 2689 fere
884 2657 976 2688 sese
1002 2644 1055 2688 iis
1086 2644 1269 2690 dederet.
1327 2645 1408 2698 Qui
1434 2648 1548 2690 artes
1575 2645 1726 2691 milita-

193 2757 358 2801 ἅπαντες
382 2757 422 2794 οἴ
441 2762 662 2805 συγγραφεῖς
693 2756 899 2805 μέμνηνται·
930 2754 1010 2804 ἐμοὶ
1039 2755 1079 2794 δὲ
1101 2758 1217 2804 δοκεῖ,
1243 2756 1306 2794 καὶ
1335 2757 1372 2793 εἴ
1395 2770 1450 2799 τις
1478 2758 1590 2805 μικρὰ
1619 2758 1728 2801 πόλις

195 2816 290 2856 οὖσα
302 2819 421 2855 πολλὰ
447 2819 510 2855 καὶ
520 2818 616 2854 καλοὶ
640 2818 728 2865 ἔργα
750 2819 1029 2866 διαπέπρακται,
1053 2819 1104 2855 ἔτι
1116 2821 1253 2864 μᾶλλον
1263 2817 1369 2863 ἄξιον
1382 2818 1476 2856 εἶναι
1488 2816 1725 2865 ἀποφαίνειν.

196 2885 233 2918 et
254 2882 316 2927 IV,
342 2882 375 2925 8,
399 2882 419 2915 1
453 2878 516 2915 καὶ
545 2880 619 2914 τῶν
647 2879 817 2925 πράξεων
849 2877 918 2921 τὰς
947 2877 1013 2925 μὲν
1053 2875 1385 2926 ἄξιομνημονεῦτας
1413 2878 1563 2928 γράψω,
1591 2877 1660 2922 τὰς
1687 2877 1729 2917 δὶ

196 2939 245 2986 μὴ
266 2938 375 2983 ἀξίας
397 2939 508 2985 λόγου
532 2939 694 2985 παρήσω.
