1929 3200
820 198 877 206 —
934 178 1103 229 &8-

196 291 311 343 bano
345 289 632 346 arrogantiam
657 286 988 345 superbiamque
1026 286 1072 345 19
1096 284 1460 347 >Lacedaemonios
1496 287 1732 347 mmet

196 362 256 406 Ut
294 361 348 404 de
375 361 599 416 Pelopida,
636 361 699 403 ita
738 360 791 403 de
813 359 1164 414 Epaminonda,
1188 374 1326 416 quem
1338 373 1405 413 ne,
1429 360 1478 417 19
1510 359 1734 417 119119144ρῆ

197 433 367 488 quidem
383 447 533 493 pugna
542 435 848 485 commemorat,
877 431 1088 488 permulta
1114 445 1143 476 a
1162 410 1442 543 Xenophonte
1466 431 1603 488 taneri
1621 431 1733 476 infra

195 504 442 554 videbimus.

333 576 379 621 Si
402 575 723 632 Xenophontem
751 573 880 619 nimia
905 574 1185 627 admiratione
1209 589 1284 624 res
1309 522 1734 634 Lacedaemoniorum

194 651 462 704 prosecutum
488 661 580 692 esse
608 660 659 689 ex
685 647 760 697 118,
786 660 892 710 quee
920 645 1064 693 adhuc.
1102 647 1431 703 disputavimus,
1470 647 1734 705 intelligito&

194 720 490 776 reputantibus
518 718 659 772 nobis,
698 731 806 773 quae
833 718 954 762 initio
977 718 1145 775 -capitis
1170 723 1197 764 4
1226 719 1334 765 libri
1360 718 1398 763 V
1432 718 1485 765 de
1516 719 1734 778 impietate

140 837 147 845 ‚
199 784 344 842 eorum
380 805 431 836 ac
456 790 637 847 perfidia
664 789 883 844 praefatus
916 792 992 841 981,
1022 789 1105 835 1109
1132 790 1279 839 vitium
1308 791 1472 842 exuisse
1497 794 1559 837 et·
1580 791 1733 847 deinde

197 865 288 915 sine
315 863 380 907 ira
406 866 449 906 et
479 861 618 909 studio
643 861 833 907 iudicare
862 861 970 905 velle
1009 861 1186 907 videtur.
1244 861 1379 914 Locus
1416 861 1489 916 ille
1514 862 1644 921 mariis
1679 862 1732 920 de

197 934 336 979 causis
366 933 638 976 memorabile
678 936 764 983 981,
803 938 1031 988 propterea
1062 933 1260 984 maxime,
1301 933 1401 987 quia
1437 934 1733 991 9991919111,ἰᾴ

197 1004 312 1061 quod
339 1021 365 1049 a
399 1004 708 1048 consuetudine·
741 1004 832 1046 eius
871 1002 1095 1056 abhorret,
1134 1003 1191 1047 ad
1229 1003 1441 1060 quandam
1474 1005 1734 1063 subtiliorem

195 1077 560 1121 ratiocinationem
577 1075 848 1122 >descendere
869 1089 1102 1130 causasque
1124 1089 1275 1127 rerum,
1308 1089 1413 1132 quas
1440 1076 1565 1131 modo
1589 1091 1732 1133 narra,

195 1152 325 1202 verat,
353 1149 566 1203 inquirere
588 1147 759 1192 studere
786 1146 986 1194 videmus.
1044 1147 1101 1190 At
1128 1146 1197 1190 hic
1217 1161 1382 1203 quoque
1402 1147 1579 1207 multum
1601 1148 1733 1202 abest,

195 1223 244 1263 ut
270 1220 392 1264 nobis
429 1219 623 1263 satisfiat.
682 1218 887 1273 Flagitia,
928 1232 1037 1274 quae
1074 1219 1206 1261 multa
1244 1222 1341 1274 post
1376 1233 1524 1275 pacem
1549 1219 1733 1273 Antalci÷

197 1291 280 1338 dae
308 1305 435 1347 quum
473 1291 588 1335 intra
616 1290 950 1345 Peloponnesum
986 1293 1076 1333 tum
1112 1303 1210 1333 vero
1232 1290 1294 1341 ,in
1320 1290 1496 1342 Boeotia
1524 1291 1732 1349 Lassflda‘?

197 1363 326 1406 monii
354 1365 704 1418 perpetraverant
730 1364 772 1404 et
803 1361 1037 1404 exitiabiles
1067 1360 1348 1414 calamitates,
1388 1362 1433 1405 in
1453 1362 1455 1364 ’
1472 1376 1577 1417 quas
1605 1363 1733 1418 paulo

196 1438 296 1491 post
318 1434 576 1486 inciderant,
596 1434 717 1489 ,quin
742 1433 870 1484 etiam
903 1431 1225 1488 Xenophontem
1265 1446 1409 1487 eorum
1435 1433 1731 1489 admiratorem

196 1506 417 1560 virumque
445 1505 595 1551 ceteris
624 1505 669 1547 in
693 1504 820 1548 rebus
849 1503 906 1547 ad
936 1503 1206 1558 cogitandum
1245 1504 1476 1549 tardiorem
1514 1505 1570 1548 ad
1598 1505 1644 1558 id
1671 1506 1732 1556 in-

198 1578 399 1628 vitarent,
436 1576 506 1619 vix
531 1574 624 1619 fieri
656 1588 740 1619 non
780 1574 928 1631 potuit.
997 1573 1082 1618 Sed
1120 1588 1205 1619 non
1242 1574 1341 1620 inde
1380 1589 1531 1628 causas
1564 1577 1731 1634 repetit,

199 1649 313 1692 unde
340 1648 534 1695 debebat.
575 1653 680 1694 ,Iam
706 1660 853 1702 supra,
884 1645 1064 1691 maxime
1105 1660 1236 1703 quum
1261 1647 1488 1692 Cinadonis
1523 1649 1732 1705 conspira-

199 1721 358 1765 tionem
388 1722 592 1772 narraret,
622 1719 801 1763 vidimus
830 1732 956 1773 quam
983 1718 1170 1762 studiose
1198 1732 1263 1764 res
1288 1719 1552 1776 reipublicae
1574 1719 1732 1771 ‹lomes-

200 1793 327 1843 ticas,
370 1792 673 1847 Spartanorum
687 1824 696 1842 ,
735 1804 912 1845 quorum
944 1804 1141 1845 proceres
1173 1794 1220 1834 ut
1235 1791 1477 1847 Lysander,
1500 1792 1734 1849 Agesilaus,

200 1863 440 1907 Phoebidas
453 1896 462 1914 ,
498 1862 572 1905 alii
599 1876 626 1905 a
658 1862 801 1918 prisca
824 1862 979 1906 virtute
1008 1862 1279 1908 declinabant
1308 1866 1351 1907 et
1381 1862 1604 1921 immodica
1631 1877 1732 1915 sane

202 1936 432 1979 ambitione
447 1934 720 1986 vexabantur,
751 1948 899 1989 graves
914 1935 1210 1988 dissensiones,
1240 1935 1352 1983 unde
1372 1936 1513 1979 omnia
1529 1936 1602 1980 illa
1622 1936 1734 1985 mala

202 2006 396 2062 profecta
433 2019 526 2049 esse
563 2009 748 2056 constat,
794 2005 957 2048 occulat
995 2009 1198 2062 tanquam
1240 2006 1416 2059 veritus,
1459 2020 1513 2050 ne
1556 2007 1732 2060 lectores

118 2093 121 2096 ’
203 2078 388 2134 iniquius
428 2077 481 2121 de
519 2076 739 2133 Spartanis
787 2076 1035 2121 existiment.
1103 2078 1154 2121 In
1193 2077 1273 2123 hac
1315 2092 1364 2122 re
1406 2078 1468 2127 ita
1518 2078 1599 2122 sibi
1639 2092 1734 2125 con-

203 2154 301 2201 stat,
329 2153 378 2193 ut
405 2163 458 2192 ne
494 2162 605 2191 nunc
637 2148 805 2203 quidem
833 2162 996 2200 verum,
1038 2149 1149 2205 quod
1179 2154 1279 2201 ante
1305 2150 1437 2206 pedes
1469 2154 1534 2203 981
1546 2160 1566 2201 ,ς
1594 2151 1735 2206 videat

204 2225 248 2266 et
276 2235 404 2277 quum
433 2233 604 2264 causam
631 2219 816 2275 aliquam
841 2220 1021 2275 proferri
1050 2234 1221 2266 necesse
1241 2222 1305 2280 811,
1334 2221 1506 2267 deorum
1534 2221 1736 2275 ultionem

202 2294 599 2349 111091919119119111
625 2291 670 2334 in
698 2290 919 2334 Thebanos
948 2291 1143 2345 iniuriam
1172 2293 1443 2342 irascentium
1470 2292 1516 2337 in
1552 2293 1735 2351 medium

200 2368 333 2408 vocet.
392 2364 531 2417 Atque
552 2362 616 2405 ad
636 2362 878 2418 Agesilaum
906 2376 1092 2417 quoque,
1123 2363 1177 2406 de
1216 2377 1298 2419 quo
1336 2362 1442 2406 nihil
1480 2363 1621 2415 adhuc
1653 2366 1736 2418 nisi

199 2436 348 2480 laudes
377 2434 532 2485 attulit,
560 2434 717 2477 crimen
744 2433 986 2488 impietatis,
1018 2433 1130 2490 quod
1157 2433 1500 2486 Lacedaemoniis
1526 2434 1733 2489 obiicitur,

201 2507 414 2565 pertinere
442 2519 494 2549 ex
531 2504 821 2560 Xenophontis
847 2504 979 2560 ipsius
1007 2506 1145 2550 verbis
1164 2507 1296 2550 evinci
1317 2509 1473 2563 potest,
1498 2519 1736 2567 quanquam

203 2583 351 2634 aperte
380 2592 476 2620 eum
503 2576 832 2635 reprehendere-
859 2589 944 2617 non
981 2576 1170 2619 sustinet.
1236 2577 1326 2623 Lib.
1357 2576 1407 2627 V,
1438 2581 1475 2628 2,
1505 2581 1558 2626 32
1591 2578 1734 2634 Agesi-

204 2649 330 2700 laum,
359 2649 506 2692 nuntio
529 2646 851 2703 expugnationis
873 2645 1082 2691 Cadmeae
1103 2645 1298 2703 Spartam
1325 2646 1466 2702 allato,
1495 2661 1622 2702 quum
1646 2649 1736 2707 plu·

203 2720 300 2765 rimi
324 2718 644 2769 Lacedaemonii
666 2717 913 2764 ,Phoebidae
957 2717 1010 2760 ob
1037 2716 1083 2771 id
1114 2717 1253 2774 ipsum
1288 2716 1554 2764 vehementer
1585 2719 1735 2775 irasce-

203 2794 361 2842 rentur,
392 2791 548 2834 dixisse
576 2790 732 2841 scribit,
762 2789 1033 2840 Phoebidam,
1061 2789 1098 2832 si
1124 2803 1213 2833 rem
1239 2804 1290 2834 ex
1310 2789 1527 2845 republica
1554 2790 1734 2845 fecisset,
1783 2794 1792 2803 '

204 2862 373 2913 laudem
401 2861 563 2910 mereri.
622 2860 837 2913 Quomodo
866 2859 1186 2918 Xenophontem
1223 2860 1370 2918 fugere
1411 2860 1571 2917 potuit,
1609 2874 1735 2917 quam

205 2935 388 2991 turpiter
412 2938 455 2976 et
480 2934 653 2990 indigne
678 2933 751 2979 ille
776 2932 1013 2979 iudicaret?
1059 2932 1180 2984 Quod
1218 2932 1319 2987 fecit
1344 2932 1581 2987 Phoebidas
1608 2933 1736 2986 Lace-
