1929 3200
869 133 1151 176 ...13-

248 263 337 301 non,
350 250 536 295 ‘multum
562 249 770 304 temporis>
793 247 904 292 Sesti
926 249 1207 291 commoratae
1242 258 1356 297 esse,
1393 245 1575 290 fortasse
1613 248 1663 289 ut
1699 245 1775 290 ali-

205 316 225 380 s
249 324 451 378 quantum
479 336 507 366 a
533 321 654 366 clade
680 318 804 363 modo
831 322 1007 375 accepta
1032 318 1314 374 respirarent3
1356 316 1432 360 sed
1469 330 1523 364 ne
1559 316 1675 362 locus
1701 316 1775 362 ob—

250 407 396 438 scurus
411 396 534 447 esset,
556 393 639 436 hoc
652 390 874 436 dicendum
893 390 1024 434 fuisse
1040 390 1134 445 quis
1148 392 1214 433 est
1231 388 1332 443 quin
1347 388 1519 432 videat?
1536 414 1592 424 —
1612 388 1777 433 Deinde

250 464 320 518 1,·
337 470 361 509 2
374 499 384 519 ,
427 470 453 508 8
497 478 626 509 naves
662 463 950 520 Syracusanae
982 460 1178 517 Ephesiis
1228 464 1272 504 et
1315 459 1588 517 Tissapherni
1621 462 1779 506 auxilio

249 537 444 589 veniunt,
473 536 588 579 haud
618 535 745 578 dubie
770 535 869 578 illae
893 534 1112 588 nuperime
1128 531 1337 575 Antandri
1363 531 1633 586 aedificatae,
1672 546 1778 588 quas

250 610 468 664 praetores
488 608 584 652 novi
611 606 827 664 Syracusis
854 605 972 650 missi
1000 604 1055 649 ab
1084 603 1357 648 Hermocrate
1385 607 1647 662 acceperant.
1694 603 1779 649 Sed

252 693 362 736 quac
377 682 499 724 erant
515 673 794 722 Σελινούσιαι
822 672 904 721 δύο
917 681 937 721 Ρ
967 676 1135 732 quando
1154 680 1197 720 et
1210 676 1321 720 unde
1333 678 1571 720 venerunt?
1600 677 1666 720 An
1691 691 1783 731 eae,

253 752 306 795 de
334 751 486 806 quibus
502 750 686 806 Thucyd.
715 749 827 801 VIII,
856 750 909 791 26
939 749 1033 791 τῶν
1068 763 1115 791 τε
1142 745 1223 804 γὰρ
1252 750 1536 792 Σικελιωτῶν
1566 774 1621 780 -
1645 748 1780 794 εἴκοσι

251 825 349 880 νῆες
376 821 665 879 Συρακοσίων
693 813 833 878 ἦλθον
877 820 949 863 καὶ
978 814 1286 862 Σελινούντιαι
1326 814 1420 863 δύο.
1478 820 1535 863 At
1570 820 1637 863 hi·
1659 825 1782 865 erant

252 899 408 939 nautae
435 895 621 951 priorum
649 894 837 946 navium,
866 906 973 948 quae
1002 906 1129 947 quum
1154 905 1267 936 anno
1293 897 1376 935 412
1406 893 1451 936 in
1478 893 1623 937 Asiam
1647 894 1782 938 venis-

255 971 360 1018 sent,
389 966 594 1023 Cyzicena
631 979 775 1022 pugna
814 969 964 1020 captae
993 968 1124 1010 erant.
1183 964 1247 1007 Ne
1292 964 1398 1008 duas
1428 979 1557 1009 naves
1590 970 1783 1011 recentes

254 1053 282 1083 a
309 1038 564 1090 Selinuntiis,
594 1038 667 1093 qui
685 1041 774 1080 tum
790 1036 990 1092 temporis
1015 1036 1060 1078 in
1073 1036 1203 1079 tantis
1222 1037 1429 1092 angustiis
1452 1041 1584 1091 erant,
1609 1039 1653 1082 in
1668 1052 1785 1083 mare

255 1112 441 1168 Aegeum
479 1111 629 1154 missas
660 1122 752 1153 esse
777 1111 993 1165 putemuS,
1024 1107 1195 1151 obstant
1221 1121 1273 1152 ea
1286 1142 1296 1161 ,
1327 1122 1435 1164 quae
1464 1109 1578 1154 Aem.
1607 1110 1785 1156 Mueller

254 1183 281 1226 l.
298 1197 333 1227 c.
346 1198 387 1239 p.
411 1186 465 1225 47
495 1182 677 1238 exponit,
705 1194 827 1236 quem
858 1180 930 1236 qui
954 1179 1032 1222 has
1060 1180 1270 1232 minutias,
1299 1181 1411 1225 unde
1439 1186 1630 1238 apparet,
1658 1197 1785 1238 quam

256 1254 428 1298 confusa
445 1257 489 1298 et
515 1255 676 1298 incerta
694 1252 905 1310 permulta
930 1252 976 1295 in
1000 1251 1081 1295 hac
1107 1252 1300 1307 inprimis
1326 1257 1449 1308 parte
1475 1253 1786 1300 Hellenicorum

257 1327 358 1379 sint,
386 1327 623 1371 accuratius
653 1338 902 1382 cognoscere
929 1324 1041 1375 velit,
1070 1323 1189 1367 adire
1215 1324 1349 1368 iubeo.

394 1398 462 1442 Ad
490 1398 659 1442 ultimas
685 1397 758 1442 lib.
781 1397 803 1440 I
832 1395 983 1453 capitis
1013 1399 1050 1438 2.
1090 1395 1294 1439 sectiones
1330 1396 1469 1444 facere
1500 1411 1585 1442 non.
1618 1412 1789 1455 possum

259 1471 361 1525 quin
384 1470 583 1513 lectorem
596 1502 605 1520 ,
634 1472 684 1511 ut
717 1468 901 1511 animum
928 1466 1143 1518 advertat,
1187 1467 1455 1519 admoneam,
1495 1484 1624 1524 quum
1651 1485 1704 1513 ex
1734 1472 1790 1515 iis

258 1545 410 1586 natura
435 1541 588 1598 prioris
618 1539 752 1596 partis
780 1538 1111 1592 Hellenicorum,
1156 1538 1292 1594 qualis
1320 1539 1395 1593 sit,
1423 1541 1581 1597 optime
1609 1541 1791 1599 intelligi

258 1614 404 1671 possit.
463 1613 652 1665 Quatuor
684 1625 753 1655 res
792 1610 1097 1654 diversissimas
1137 1614 1181 1653 et
1217 1625 1271 1654 ne
1307 1611 1455 1655 leviter
1483 1613 1654 1669 quidem
1680 1615 1795 1658 inter

263 1700 309 1730 se
337 1685 601 1736 coniunctas,
645 1697 822 1740 quarum
858 1681 1024 1739 singula
1062 1695 1254 1737 quaeque
1293 1683 1520 1729 exilissime
1547 1685 1792 1742 explicatur,

261 1757 317 1801 ab
344 1761 526 1809 auctore,
554 1755 743 1805 obscuris
771 1758 1005 1810 temporum
1035 1754 1146 1797 notis
1171 1754 1365 1807 adiectis,
1393 1757 1706 1812 conglutinatas
1735 1757 1793 1801 vi-

261 1827 428 1872 demus:

398 1902 440 1953 1)
467 1898 517 1942 In
545 1901 584 1953 §.
617 1902 668 1941 17
697 1897 973 1942 Athenienses
987 1930 997 1949 ,
1037 1896 1256 1941 Alcibiade
1286 1902 1329 1940 et
1355 1896 1575 1955 Thrasyllo
1604 1899 1793 1950 ducibus,

263 1971 309 2014 in
323 1970 468 2014 Asiam
498 1970 700 2014 minorem
723 1969 862 2014 varias
890 1968 1149 2013 incursiones
1176 1967 1338 2013 faciunt
1364 1982 1573 2027 agrosque
1587 1970 1701 2027 regis
1724 1984 1797 2027 po-

261 2042 474 2099 pulantur.

403 2118 444 2167 2)
473 2114 525 2156 In
553 2116 590 2167 ξ.
617 2117 670 2156 18
698 2113 844 2156 eodem
870 2116 1060 2170 tempore
1087 2112 1170 2169 (τῷ
1199 2107 1360 2169 δαύτῷ
1386 2109 1554 2169 χρόνῳ)
1582 2112 1792 2165 Lacedae·

265 2185 395 2240 monii
420 2185 515 2230 illos
527 2184 713 2237 Helotes,
741 2184 815 2241 qui
828 2184 977 2242 Pylum
1005 2177 1325 2241 (Κορυφάσιον)
1360 2183 1655 2241 confugerant,
1690 2179 1799 2229 ὓπο-

268 2251 487 2307 σπόνδους
516 2255 735 2299 dimittunt
749 2260 792 2309 1).

405 2333 448 2385 3.)
467 2328 518 2372 In
531 2331 567 2384 §-
586 2332 652 2372 18.
675 2327 824 2373 eodem
841 2330 1035 2383 tempore.
1059 2332 1186 2382 (κατα
1204 2325 1285 2372 τὸν
1300 2323 1628 2386 αὕτὸν,καιρόν)
1640 2327 1801 2373 Achaei

268 2401 438 2446 colonos
466 2400 699 2445 Heracleae
726 2398 1038 2444 Trachiniensis
1067 2398 1413 2445 Lacedaemoniis
1440 2400 1638 2457 produnt.

403 2473 449 2529 4)
476 2472 526 2516 In
556 2477 593 2525 ξ.
625 2477 690 2516 19.
723 2470 849 2524 Medi,
879 2471 952 2528 qui
975 2486 1002 2516 a
1017 2470 1147 2517 Dario
1174 2486 1276 2530 rege
1299 2472 1561 2526 deiecerant,
1589 2471 1728 2517 denuo
1755 2471 1802 2516 in

271 2544 360 2587 eius
380 2544 447 2587 ius
477 2543 761 2599 ditionemque
791 2543 1035 2587 concedunt.

412 2683 438 2727 ¹)
468 2653 578 2720 erote
610 2683 692 2719 hist.
728 2692 779 2727 gr.
812 2682 880 2718 vol.
905 2682 947 2718 V.
970 2693 1005 2727 p.
1029 2682 1114 2727 404,
1144 2682 1242 2727 quod
1271 2682 1475 2727 Xenophon
1497 2682 1626 2728 Pylum
1659 2682 1808 2733 nominc.

271 2742 452 2780 Laconico
481 2741 691 2789 Coryphasii
729 2741 888 2787 appellat
918 2751 1069 2788 eamque
1102 2741 1193 2777 nihil
1231 2740 1329 2778 aliud
1361 2741 1498 2778 habere
1525 2740 1669 2779 videtur
1695 2752 1805 2788 quam

270 2802 391 2840 vilium
415 2813 599 2839 servorum
620 2802 808 2850 refugium,
831 2805 1016 2839 auctorem
1038 2802 1199 2848 inprimis
1210 2801 1591 2847 Lacedaemonium,
1616 2802 1677 2849 qui
1695 2813 1804 2848 quam

274 2864 390 2910 gravis
414 2863 544 2901 fuisset
554 2862 661 2900 huius
685 2863 757 2900 loci
778 2863 929 2909 iactura,
954 2863 1118 2901 confiteri
1140 2863 1323 2908 nolebant,
1348 2861 1804 2904 testimoniainscribendo

275 2928 436 2961 secutum
460 2934 541 2961 esse
566 2923 665 2960 haud
686 2923 814 2969 inepte
833 2923 987 2960 coniicit.
1032 2943 1035 2945 >
