1929 3200
865 129 1144 194 -2'5-

245 263 526 307 inconstantia
553 264 774 307 recessisse
809 264 996 315 videtur,
1030 278 1157 319 quum
1191 277 1260 306 res
1295 265 1339 306 in
1367 264 1469 308 Asia
1496 279 1524 308 a
1552 264 1768 308 Thimbro-

246 338 363 386 ne1)‚
400 334 641 390 Dercyllida
664 339 707 377 et
738 336 914 378 maxime
944 336 1000 378 ab
1033 335 1230 390 Agesilao
1261 349 1335 376 suo
1365 338 1506 390 gestas
1535 349 1611 390 per
1644 336 1769 391 plura

245 404 443 461 deinceps
474 406 614 461 capita
641 405 703 449 ita
738 410 1036 462 persequatur,
1078 410 1126 449 ut
1149 406 1219 449 vix
1255 406 1300 448 in
1330 405 1418 449 ulla
1451 406 1535 449 alia
1567 406 1769 452 historiae

244 480 365 533 parte
393 476 551 519 maiore
580 490 673 519 cum
694 476 969 520 delectatione
998 478 1157 519 versari
1184 476 1386 519 videatur.
1445 477 1590 532 Neque
1614 482 1770 531 errant,

246 548 334 604 qui,
372 562 498 602 quum
544 552 691 591 auctor
727 549 821 605 ipse
856 548 922 591 his
962 549 1088 593 rebus
1116 549 1357 599 interesset,
1398 549 1462 592 vir
1486 563 1625 592 rerum
1652 550 1769 594 belli·

245 633 388 663 corum
424 620 530 663 adeo
568 620 778 663 studiosus
817 624 861 663 et
894 621 1053 675 peritus
1066 656 1075 671 ,
1121 625 1164 663 et
1201 621 1401 664 nonnulla
1435 622 1578 665 statim
1616 622 1768 665 litteris

244 692 486 742 mandaret,
515 691 561 734 id
585 692 647 734 ita
674 691 879 734 accidisse
917 691 1095 745 ideoque
1123 691 1212 734 eius
1240 692 1550 735 narrationibus
1581 706 1663 734 non
1691 692 1767 735 dif-

244 763 458 806 fidendum
485 776 576 805 esse
608 767 815 805 censeant.
875 762 958 805 Sed
989 763 1040 804 de
1075 763 1226 805 ceteris
1268 763 1393 806 rebus
1406 796 1415 814 ,
1454 777 1562 818 quae
1600 778 1681 806 non
1711 764 1768 807 ad

244 834 448 877 militares
489 834 720 890 pertinent,
769 833 920 888 quibus
955 832 1189 889 Xenophon
1223 833 1267 875 in
1304 833 1490 876 historiis
1538 834 1769 877 scribendis

244 906 339 963 plus
371 918 505 960 aequo
546 905 694 948 tribuit
728 905 875 960 spatii,
915 918 1063 947 caveas
1090 904 1186 956 tibi,
1227 918 1279 947 ne
1316 909 1473 948 temere
1496 905 1541 947 in
1568 905 1656 949 eius
1685 905 1770 948 fide

245 979 496 1034 acquiescas.
536 977 727 1026 Causam,
757 990 839 1031 qua
857 980 904 1018 ut
918 976 1068 1028 Persis,
1097 976 1285 1031 pristinis
1306 976 1440 1027 sociis,
1472 976 1623 1033 quibus
1638 977 1770 1020 solen-

244 1050 289 1092 ni
326 1049 493 1093 foedere
522 1049 739 1103 imperium
778 1062 861 1090 non
890 1047 1013 1089 modo
1042 1047 1093 1089 de
1123 1047 1293 1089 Graecis
1324 1048 1448 1089 Asiae
1476 1048 1665 1099 minoris,
1703 1062 1770 1091 ve-

244 1135 336 1165 rum
364 1120 490 1164 etiam
520 1120 573 1163 de
601 1123 724 1176 parte
752 1118 933 1174 quadam
947 1118 1141 1174 Europae
1166 1118 1290 1173 paulo
1320 1120 1429 1170 ante,
1457 1117 1586 1161 Licha
1614 1121 1658 1160 et
1680 1118 1772 1162 Cal·

244 1191 440 1235 licratida
468 1190 634 1233 fortiter
661 1190 945 1233 obnitentibus
978 1189 1125 1241 (Thuc.
1158 1189 1265 1239 VIII,
1295 1194 1383 1238 43),
1413 1189 1652 1244 turpissime
1677 1203 1770 1245 per·

244 1263 446 1306 miserant
473 1262 617 1315 (Thuc.
648 1261 766 1313 VIII,
800 1266 863 1313 18,
894 1266 945 1303 37
978 1260 1026 1304 cf.
1056 1260 1218 1303 Sievers
1247 1261 1271 1303 l.
1297 1275 1329 1303 c.
1359 1275 1400 1315 p.
1422 1264 1493 1312 41)
1522 1261 1679 1304 bellum
1709 1262 1770 1303 in-

244 1334 411 1385 ferrent,
443 1338 485 1376 et
502 1337 647 1376 contra
668 1347 750 1382 eos,
782 1346 954 1386 quorum
975 1332 1136 1387 magnis
1152 1333 1339 1387 pecuniis
1352 1332 1583 1387 opibusque
1610 1336 1771 1376 susten-

244 1406 324 1448 tati
337 1406 554 1459 adiutique
565 1405 839 1447 Athenienses
855 1403 1039 1446 aemulos
1057 1403 1181 1445 modo
1196 1404 1470 1457 perculerant,
1488 1404 1532 1445 in
1548 1404 1679 1446 aciem
1699 1403 1771 1447 de-

164 1470 168 1475 *
245 1476 502 1527 scenderent,
526 1475 697 1519 adducti
719 1480 815 1517 sunt
833 1474 1041 1530 Spartani,
1068 1474 1250 1516 studium
1272 1474 1400 1516 fuisse
1418 1473 1520 1517 dicit
1538 1474 1772 1530 Xenophon

174 1592 183 1601 ,
243 1547 450 1589 libertatis
479 1546 650 1589 Graecis
667 1547 872 1594 Asiaticis,
904 1547 969 1588 cui
997 1544 1297 1599 Tissaphernes
1321 1546 1573 1596 imminebat,
1602 1560 1770 1601 recupe-

244 1617 404 1662 randae
431 1621 474 1661 et
494 1616 804 1661 confirmandae
819 1617 907 1668 (III,
927 1622 962 1667 1,
978 1619 1032 1671 3).
1078 1616 1193 1659 Haec
1209 1630 1309 1659 sane
1323 1615 1499 1660 honesta
1514 1622 1606 1661 erat
1629 1631 1768 1669 causa,

244 1704 351 1745 quae
379 1704 431 1732 ne
460 1704 487 1732 a
515 1690 856 1732 Lacedaemoniis
885 1689 1064 1743 quidem,
1095 1688 1238 1742 quales
1267 1688 1311 1730 id
1341 1689 1493 1731 aetatis
1523 1695 1662 1738 erant,
1694 1690 1767 1732 im-

190 1751 192 1756 i
243 1760 406 1804 modica
430 1760 666 1816 imperandi
693 1759 922 1815 cupiditate
948 1757 1215 1801 inflammatis
1246 1773 1417 1815 prorsus
1445 1760 1664 1813 abhorret,
1703 1775 1766 1804 so-

242 1832 326 1874 lam
356 1845 564 1885 unamque
591 1834 731 1873 autem
754 1830 882 1872 fuisse
911 1830 980 1871 vix
999 1830 1196 1872 credibile
1226 1835 1300 1879 est,
1323 1845 1559 1885 quanquam
1576 1837 1768 1875 auctores

241 1902 369 1945 aliam
397 1915 481 1944 non
518 1901 704 1944 tradunt.
765 1900 915 1943 Odium
946 1901 990 1941 in
1018 1899 1239 1942 Persarum
1274 1905 1439 1956 gentem
1478 1902 1766 1954 inveteratum,

241 1973 286 2017 in
310 1979 485 2028 quorum
513 1973 752 2015 societatem
780 1971 1031 2015 necessitate
1057 1975 1220 2014 tantum
1254 1973 1410 2023 coacti,
1449 1972 1668 2029 Lysandro
1696 1987 1767 2030 po·

240 2045 447 2087 tissimum
477 2049 520 2086 et
546 2045 616 2100 qui
646 2045 689 2085 in
720 2056 770 2085 eo
798 2043 1059 2094 nitebantur,
1097 2043 1321 2099 oligarchis
1352 2046 1613 2096 auctoribus,
1648 2059 1767 2087 vene-

240 2120 348 2167 rant,
378 2116 742 2165 Lacedaemonios,
772 2118 862 2157 tota
883 2114 1060 2157 Graecia
1078 2120 1241 2170 pacata,
1273 2130 1400 2159 novas
1426 2117 1574 2159 laudes
1594 2117 1767 2160 bellicas

241 2191 490 2243 appetentes
520 2187 574 2229 ad
604 2190 764 2228 tantam
793 2185 894 2228 belli
921 2186 1069 2228 molem
1097 2186 1403 2242 suscipiendam
1432 2188 1657 2243 instigasse
1683 2201 1768 2230 ma-

240 2258 437 2301 nifestum
459 2258 535 2300 e‘st.
593 2258 817 2299 Praeterea
847 2257 1015 2299 aliunde
1035 2258 1198 2308 scimus,
1228 2258 1272 2300 id
1290 2258 1400 2315 quod
1416 2259 1649 2314 Xenophon
1674 2273 1767 2302 cau—

241 2330 309 2382 siS,
340 2342 446 2386 quas
467 2342 588 2373 nemo
610 2330 786 2384 ignorat,
816 2329 1023 2372 adductus
1042 2329 1094 2373 de
1114 2330 1321 2373 industria
1341 2335 1464 2380 tacet,
1495 2330 1767 2387 Lysandrum,

240 2402 307 2444 cui
335 2401 514 2456 ephoros
546 2404 589 2443 et
614 2400 866 2443 Pausaniam
899 2414 1041 2456 regem
1080 2401 1124 2442 in
1159 2402 1284 2444 rebus
1312 2402 1624 2445 Atheniensium
1656 2402 1766 2445 ordi-

239 2473 391 2515 nandis
420 2473 636 2516 obstitisse
665 2473 709 2514 in
739 2472 966 2515 Hellenicis
994 2472 1171 2528 legimus
1201 2472 1267 2515 (cf.
1299 2487 1427 2528 supra
1454 2489 1493 2529 p.
1525 2478 1595 2525 23)
1624 2478 1767 2529 poten-

237 2543 311 2595 tia,
342 2556 426 2600 qua
454 2542 593 2587 adhuc
606 2544 649 2586 in
663 2543 880 2600 republica
893 2557 994 2586 usus
1013 2547 1115 2590 erat,
1146 2544 1386 2599 paulopost
1400 2544 1579 2587 reditum
1598 2546 1765 2596 amissa,

238 2629 265 2658 a
291 2616 472 2671 negotiis
489 2615 668 2670 publicis
698 2616 928 2670 paullisper
943 2630 988 2658 se
1004 2616 1274 2665 subtraxisse,
1301 2617 1567 2659 adversariae
1595 2617 1766 2660 factioni

377 2740 401 2784 ¹)
423 2741 678 2776 Thimbronem
706 2741 829 2776 nescio
862 2751 933 2786 qua
965 2741 1010 2777 de
1045 2752 1155 2777 causa
1189 2743 1420 2786 Xenophonti
1447 2753 1520 2778 non
1558 2743 1597 2778 in
1628 2742 1766 2778 deliciis

236 2798 367 2846 fuisse,
400 2799 497 2846 quod
522 2810 584 2837 res
607 2800 652 2836 ab
676 2800 738 2837 illo
761 2805 881 2847 gestas
904 2811 977 2836 non
1001 2811 1064 2846 ea,
1092 2811 1164 2847 qua
1189 2801 1290 2837 Diod.
1317 2802 1425 2847 (XIV,
1450 2802 1508 2847 38)
1535 2802 1664 2847 utitur,
1688 2800 1766 2837 dili-

239 2859 363 2907 gentia
386 2859 535 2906 exponit
558 2870 710 2907 eumque
740 2861 838 2898 haud
861 2872 944 2899 raro
967 2861 1199 2908 reprehendit
1224 2862 1306 2906 (ΙΙΙ,
1332 2869 1367 2907 1,
1394 2869 1454 2907 103
1477 2863 1542 2908 ΙΙΙ,
1566 2869 1596 2907 2,
1625 2869 1638 2897 1
1667 2866 1705 2898 et
1728 2867 1744 2898 7

234 2920 298 2965 IV,
322 2926 355 2964 8,
379 2919 449 2965 22),
472 2919 574 2956 multi
597 2920 695 2957 haud
718 2921 894 2959 immerito
920 2923 1091 2968 suspicati
1114 2927 1206 2959 sunt.
