1929 3200
842 146 1118 196 r-39-

212 258 593 321 mmshaud
607 257 746 319 Qbie
761 257 1049 319 utilissimum,
1078 254 1233 319 quippe
1255 256 1367 312 quod
1408 255 1735 305 dominationem.

210 343 355 392 emtum
378 331 692 390 cqrrobpraret,
729 332 776 391 at
802 329 971 385 minime
1007 328 1230 377 honestum
1260 327 1350 376 fuit.
1408 327 1567 377 Tamen
1601 327 1733 385 Phoe,-

208 400 352 483 hidam
378 416 430 455 ex
458 401 667 463 sententia
703 401 816 463 regis
844 401 1083 462 peccavisse
1117 400 1218 445 inde
1249 402 1389 455 patet,
1426 398 1558 455 quod,
1604 411 1733 454 quum

207 472 358 534 mmo
373 473 616 534 Agesilaus,
652 486 705 529 ne
744 476 945 534 tyrannos
977 472 1177 529 adiuvare
1207 471 1431 524 videretur,
1462 470 1662 514 exercitui
1687 469 1735 517 in,

208 544 429 606 Thebanos
455 546 584 607 misso
608 558 781 605 praesse
806 544 949 596 nollet,
974 547 1123 601 postea
1161 544 1267 590 illud
1303 543 1522 600 imperium
1559 541 1734 604 accepit.

206 616 353 660 Nonne
380 617 550 671 mitum.
558 619 634 675 est,
664 616 776 673 quod
802 615 1038 676 Xenophon
1065 630 1149 663 non
1174 616 1392 671 intellexit,
1422 628 1548 670 quam
1572 612 1736 672 perfide

206 689 259 750 is„
287 702 410 750 quem
435 702 597 745 summo
617 701 759 735 amore
786 688 1003 748 amplexus
1031 691 1133 741 erat,
1164 691 1208 732 et
1235 688 1443 737 iudicaret
1481 689 1525 730 et
1553 684 1733 742 ageret?

305 761 598 819 .1rrupti9nes
634 760 1058 813 Lacedaemoniorum
1100 762 1146 804 in
1183 760 1437 806 Boeotorum
1484 771 1610 814 agros
1655 770 1732 813 per

207 831 350 902 pigres
378 832 575 890 deinceps
611 845 743 876 annos
782 831 917 880 factas
949 845 1060 875 nunc
1099 831 1300 876 describit
1327 829 1562 887 Xenophon
1599 840 1736 884 neque

206 904 338 963 ιιῌιιιιι
363 903 662 964 praetermittit
696 903 956 949 occasionem
990 904 1138 949 laudes
1176 904 1350 947 bellicas
1390 916 1517 957 quum
1552 901 1735 954 omnium

208 973 420 1035 Igaconum
456 977 547 1024 tum
573 974 762 1022 maxime
787 974 974 1031 Agesilai
1012 973 1262 1031 proferendi.
1321 973 1443 1026 Quod
1480 971 1579 1015 inde
1604 970 1733 1021 vides,

208 1046 337 1105 quod
350 1046 536 1105 singulas
561 1060 631 1090 res
659 1046 871 1103 graviores
891 1050 934 1091 et
959 1047 1096 1094 minus
1123 1047 1176 1089 iis
1203 1045 1409 1102 gloriosas
1433 1047 1496 1097 (ut
1522 1046 1735 1086 certamen

209 1116 323 1177 apud
351 1117 538 1179 Tegyras
567 1122 616 1161 ci.
645 1131 774 1175 supra
800 1133 842 1175 p.
868 1122 938 1167 43)
967 1121 1041 1162 aut
1076 1131 1184 1173 quae
1219 1117 1274 1161 ab
1311 1129 1455 1160 eorum
1482 1112 1736 1159 adversariis

208 1187 458 1244 excellenter
484 1193 605 1246 gesta
635 1192 754 1241 sunt,
795 1191 960 1234 omittit.
1019 1189 1253 1236 Artificium
1280 1189 1481 1239 militare,
1519 1200 1602 1243 quo
1628 1185 1734 1229 Cha-

207 1259 323 1316 brias,
352 1260 621 1317 Atheniensis
638 1261 835 1319 Agesilao
863 1261 1020 1308 restitit
1049 1261 1256 1317 (Polyaen.
1274 1260 1328 1312 II,
1346 1265 1381 1312 1,
1398 1264 1436 1310 2,
1458 1258 1561 1315 Nep.
1579 1257 1733 1304 Chabr.

210 1336 250 1389 1)
276 1332 466 1390 ignorat,
504 1333 617 1389 quod
655 1347 704 1376 eo
733 1334 868 1390 magis
895 1334 1044 1376 mirum
1075 1336 1159 1383 est,
1198 1346 1325 1388 quum
1361 1331 1468 1375 haec
1493 1344 1562 1374 res
1590 1329 1734 1387 Agesi-

207 1402 321 1459 laum
360 1403 564 1461 laudandi
607 1405 866 1452 occasionem
902 1404 1126 1461 praeberet
1167 1407 1235 1455 (ci.
1274 1403 1436 1447 Sievers
1462 1403 1488 1446 l.
1518 1416 1551 1446 c.
1580 1416 1620 1457 p.
1651 1404 1734 1444 205

206 1477 290 1532 not.
322 1479 391 1532 16)
430 1476 646 1532 Ignaviam
677 1476 887 1520 Thebanis
928 1476 1073 1520 obiicit
1101 1475 1164 1529 (V,
1194 1481 1231 1526 4,
1260 1480 1314 1518 40
1344 1470 1536 1531 ἐῴκεσαν
1573 1468 1734 1519 ὑποπε-

206 1543 378 1600 πωκόσι
405 1561 493 1593 που
522 1545 570 1590 ἐν
595 1547 848 1606 μεσημβρίᾳ;
879 1550 904 1602 ᾗ
935 1552 989 1589 42
1019 1544 1160 1598 δεινὸς
1196 1541 1334 1600 φόβος
1360 1547 1426 1589 τῶ
1453 1539 1737 1601 στρατεύματι

207 1620 279 1670 (sc.
310 1619 403 1673 τῶν
433 1619 650 1675 Θηβαίων)
678 1617 899 1669 §venedam
938 1618 990 1663 cf.
1015 1620 1049 1672 ξ.
1082 1623 1136 1662 50
1173 1632 1326 1674 eosque
1356 1617 1611 1666 conscientia
1638 1630 1735 1673 par-

208 1689 330 1743 vulae
352 1690 550 1746 victoriae
582 1691 704 1736 nimis
742 1691 874 1734 elatos
904 1690 1034 1733 fuisse
1063 1691 1128 1737 ita
1154 1691 1276 1734 dicit:
1314 1687 1369 1733 τὰ
1405 1691 1499 1732 τῶν
1533 1689 1735 1745 Θηβαίων

208 1755 526 1818 ᾄνξζωπυρεῑτο
566 1766 592 1816 ξ
630 1766 714 1817 46).
787 1763 974 1819 Agesilai
1013 1766 1056 1806 et
1094 1762 1347 1807 Cleombroti
1386 1761 1734 1819 expeditionibuS,

209 1844 317 1886 quae
333 1832 438 1877 nihil
456 1833 512 1881 ad
530 1834 685 1877 bellum
705 1833 1007 1881 conficiendum
1025 1834 1298 1885 contulerunt,
1328 1834 1606 1890 perlustratis,
1635 1845 1736 1879 non-

207 1903 344 1960 nullas
357 1904 564 1959 sectiones
593 1905 645 1948 de
664 1905 802 1956 rebus,
831 1920 939 1960 quae
967 1907 1129 1956 interea
1154 1907 1260 1949 mari
1290 1909 1434 1961 gestae
1465 1909 1573 1958 sunt,
1602 1904 1735 1956 addit,

208 1974 320 2034 quod
336 1976 547 2031 negotium
566 1990 626 2030 ea,
656 1991 782 2032 quam
811 1978 1090 2035 cognovimus,
1119 1978 1324 2024 brevitate
1351 1978 1560 2033 transigit.
1601 1978 1736 2029 Quam

208 2044 344 2099 obiter
358 2049 401 2090 et
417 2046 591 2092 obscure
607 2062 749 2104 pugna
761 2048 876 2105 apud
886 2048 1051 2092 Naxum
1059 2050 1249 2101 insulam,
1263 2064 1369 2104 quae
1379 2052 1476 2105 post
1486 2049 1749 2107 Arginusen--

207 2131 295 2171 sem
330 2119 467 2175 prima
496 2123 588 2165 erat
615 2120 704 2163 sola
730 2120 1046 2168 Atheniensium
1077 2121 1211 2165 classe
1240 2123 1471 2175 commissa,
1502 2122 1735 2179 exponitur.

207 2188 324 2232 Nihil
364 2189 416 2234 de
454 2189 686 2236 defectione
714 2190 912 2234 Euboeae
951 2196 1098 2235 narrat
1136 2193 1423 2249 imprimisqae
1460 2194 1736 2246 desideratur,

209 2273 334 2315 quam
362 2260 628 2312 vehementer
654 2261 889 2305 laborarint
909 2262 1197 2315 Athenienses,
1223 2268 1281 2314 ut,
1314 2277 1419 2307 novo
1446 2264 1616 2308 foedere
1644 2279 1738 2315 cum

208 2330 399 2386 pluribus
445 2332 683 2383 civitatibus
722 2333 805 2376 icto
847 2334 1048 2389 novisque
1084 2334 1357 2390 vectigalibus
1400 2335 1482 2379 sibi
1518 2336 1736 2392 impositis,

208 2402 490 2461 principatum
522 2403 774 2448 maritimum
801 2409 1108 2461 recuperarent.
1166 2406 1294 2450 Haud
1323 2406 1450 2460 dubie
1486 2408 1550 2451 rei
1578 2408 1737 2451 mariti-

207 2487 313 2526 mae,
338 2478 386 2516 ut
410 2489 539 2529 supra
567 2476 650 2524 iam
672 2475 864 2526 diximus,
895 2477 940 2524 in
954 2476 1180 2527 Hellenicis
1210 2478 1434 2521 exilissime
1463 2479 1645 2521 omnium
1670 2493 1737 2527 ex-

205 2544 444 2604 planantur,
474 2546 699 2605 praecipue
725 2546 771 2589 in
796 2548 1098 2607 posterioribus
1124 2549 1307 2604 quinque
1334 2549 1466 2601 libris,
1495 2563 1629 2605 neque
1658 2553 1735 2603 est,

208 2614 321 2671 quod
347 2615 426 2669 hoo
454 2616 679 2663 maximum
707 2617 864 2668 vitium,
895 2632 1021 2673 quum
1051 2618 1162 2662 idem
1191 2633 1269 2675 per
1295 2620 1391 2663 illos
1415 2620 1545 2663 libros
1567 2621 1633 2672 sit,
1658 2622 1737 2666 soli

207 2687 472 2746 epitomatori
498 2688 743 2743 tribuamus.
801 2688 911 2732 Dum
947 2689 1045 2736 illae
1080 2704 1247 2752 pugnae
1275 2691 1445 2734 navales
1474 2692 1735 2744 committun-

205 2760 288 2818 tur,
314 2757 549 2822 Xenophon
584 2760 629 2809 in
664 2759 951 2818 Peloponneso
984 2764 1173 2805 versatus
1208 2765 1274 2806 est
1309 2765 1353 2806 et
1394 2776 1463 2806 res
1499 2763 1545 2811 id
1582 2764 1735 2810 aetatis

205 2829 313 2891 mari
351 2842 516 2892 semper
551 2829 640 2885 fere
674 2832 783 2888 male
820 2846 847 2893 a
887 2832 1230 2891 Lacedaemoniis
1268 2837 1414 2890 gestae
1450 2837 1558 2877 sunt.
1615 2834 1737 2891 Quod

147 2946 149 2948 ,
210 2899 434 2957 utrumque
462 2903 499 2946 si
515 2906 769 2959 reputamus,
796 2918 881 2949 non
906 2905 992 2949 iam
1009 2904 1264 2956 mirabimur.
1323 2904 1521 2966 Suspicor
1538 2920 1618 2968 res,
1648 2907 1736 2963 qui-
