1929 3200
847 631 1078 699 VITA.

337 880 602 921 Guilelmus
614 883 785 935 Meyer
802 890 917 923 natus
931 897 1020 925 sum
1032 883 1193 923 XXXI.
1210 883 1272 921 die
1290 881 1432 921 mensis
1444 880 1623 922 Januarii
1637 878 1730 919 anni

203 941 243 978 h.
265 951 300 980 ε.
329 938 429 977 XLI
458 939 690 991 Rinbergae,
718 940 759 979 in
785 941 871 980 vico
897 942 1207 988 Pommeraniae,
1238 946 1347 991 patre
1368 937 1576 984 Guilelmo,
1602 937 1729 988 publi-

204 1009 337 1036 corum
374 995 623 1047 vectigalium
652 998 821 1048 custode,
855 1004 893 1037 et
933 1005 1056 1038 matre
1084 998 1283 1036 Friderica
1324 1010 1345 1035 e
1384 1002 1499 1047 gente
1528 993 1730 1041 Eickiana,

205 1065 285 1103 qua
312 1052 440 1092 a‘dhuc
467 1054 671 1105 superstite
705 1055 836 1095 laetor.
894 1055 1037 1094 Primis
1075 1055 1289 1094 litterarum
1326 1052 1523 1092 elementis
1557 1065 1583 1090 a
1619 1056 1730 1103 patre

206 1110 376 1149 imbutus
404 1122 505 1148 anno
533 1111 572 1149 h.
583 1124 614 1149 s.
641 1111 757 1152 LVII
778 1112 1004 1152 Berolinum
1032 1126 1093 1151 me
1121 1112 1271 1150 contuli
1300 1117 1338 1150 et
1353 1109 1545 1162 gymnasii
1568 1108 1729 1149 Joachi-

205 1166 296 1205 mici
349 1166 547 1217 discipulis
590 1168 806 1220 adscriptus
847 1168 1093 1209 Maurieii
1139 1167 1375 1220 Seyffert
1415 1174 1453 1205 et
1498 1166 1730 1216 Adolphi

203 1222 489 1263 Kirchhoff
528 1224 729 1275 praeclara
783 1225 1023 1266 institutione
1075 1238 1168 1264 usus
1219 1237 1317 1265 sum.
1392 1224 1607 1273 Postquam
1659 1235 1730 1273 per

202 1279 398 1320 biennium
426 1280 587 1332 privatis
611 1281 748 1320 studiis
777 1295 840 1321 me
862 1282 1065 1332 dedissem,
1094 1294 1197 1321 anno
1224 1282 1263 1320 h.
1287 1294 1319 1323 s.
1343 1280 1443 1319 LXI
1467 1280 1509 1318 in
1525 1280 1729 1332 gymnasio

204 1337 467 1385 noromensi,
512 1338 577 1377 cui
604 1338 772 1378 Bonnell
796 1346 969 1391 praeest,
1015 1340 1274 1380 testimonium
1309 1337 1542 1378 maturitatis
1583 1337 1729 1388 accepi.

204 1394 367 1434 Munere
412 1396 672 1447 praeceptoris
717 1396 759 1435 in
805 1396 955 1436 familia
992 1397 1229 1436 nobilissima
1272 1409 1393 1448 prope
1429 1393 1728 1433 Francofurtum

204 1450 373 1499 functus,
403 1463 523 1501 quum
540 1464 643 1491 anno
661 1452 801 1492 LXIV
819 1453 942 1493 Halas
960 1453 1155 1504 profectus
1183 1465 1319 1502 essem,
1347 1458 1494 1491 rectore
1507 1450 1728 1489 Eduardo

205 1507 377 1557 Heine,
402 1508 505 1548 inter
530 1508 634 1549 cives
651 1509 895 1551 academicos
921 1516 1099 1562 receptus
1126 1522 1224 1549 sum.
1281 1508 1411 1558 Quum
1440 1508 1617 1556 aliorum,
1644 1513 1729 1547 tum

205 1564 375 1604 maxime
402 1563 452 1605 G.
477 1565 790 1605 Bernhardii
823 1573 862 1606 et
893 1567 979 1607 Th.
1016 1564 1232 1618 Bergkii
1268 1567 1410 1605 scholis
1446 1571 1528 1604 tam
1565 1565 1729 1616 publicis

207 1633 325 1672 quam
355 1621 518 1674 privatis
545 1636 617 1674 per
642 1623 849 1663 triennium
874 1636 968 1663 usus
994 1624 1186 1674 simulque
1213 1624 1356 1663 sodalis
1372 1622 1590 1663 ordinarius
1613 1621 1729 1662 semi-

205 1679 317 1717 nario
345 1679 577 1731 philologico
617 1692 689 1719 nec
721 1693 800 1719 non
837 1681 1013 1720 societati
1041 1681 1315 1732 philologicos,
1354 1682 1418 1720 cui
1446 1679 1529 1718 Th.
1558 1678 1730 1730 Bergk

204 1740 376 1787 praeest,
405 1748 475 1787 per
500 1740 667 1786 quatuor
691 1738 890 1777 semestria
927 1737 1105 1777 addictus
1142 1749 1239 1777 sum.
1298 1736 1428 1786 Quum
1456 1749 1560 1775 anno
1587 1734 1729 1774 LXVI

207 1804 296 1832 eum
332 1793 647 1842 dissertatione,
649 1795 719 1842 ‚de
744 1794 1017 1847 Xenophontis
1053 1795 1292 1834 Hellenicis“
1301 1825 1311 1843 ‚
1354 1806 1472 1845 quam
1508 1792 1730 1846 philosophi

207 1849 533 1889 commilitonibus
561 1858 856 1902 proposuerant,
880 1852 923 1890 in
951 1857 1144 1891 certamen
1171 1852 1401 1890 litterarium
1431 1850 1728 1896 descendissem,

206 1905 399 1947 nataliciis
424 1907 686 1959 augustissimi
724 1908 826 1962 regis
865 1909 958 1949 anni
985 1908 1146 1949 LXVII
1179 1909 1329 1961 integro
1364 1908 1536 1961 praemio
1575 1906 1730 1959 publice

205 1975 294 2004 sum
321 1964 611 2005 condecoratus.
