1929 3200
877 150 1155 193 -27-

250 267 299 307 ut
326 264 480 308 bellum
507 263 631 307 modo
652 255 860 319 sepultum
877 263 1225 319 redintegrarent,
1256 261 1431 304 adducti
1444 265 1552 311 suut,
1582 261 1777 315 civesque

251 337 304 379 iis
333 340 490 380 temere
517 336 813 380 obediverunt!
871 335 1017 390 Neque
1044 335 1124 378 hoc
1151 337 1218 378 est
1241 332 1526 384 omittendum,
1557 333 1667 387 quod
1680 332 1780 376 Dio-

252 407 378 451 dorus
407 420 461 450 ne
489 407 702 450 minimum
733 407 900 461 quidem
930 406 983 449 de
1007 406 1073 449 his
1098 406 1286 461 pecuniis
1306 404 1460 455 tradit,
1490 417 1617 459 quum
1642 403 1778 452 Xeno-

250 479 364 535 phon
392 480 502 522 hanc
529 488 670 522 veram
698 479 798 522 belli
829 493 999 521 causam
1026 478 1156 521 fuisse
1183 478 1290 521 adeo
1321 477 1403 521 sibi
1429 490 1676 532 persuasum
1702 475 1777 519 ha-

248 551 358 605 beat,
401 553 449 594 ut
479 564 571 594 eam
609 550 760 593 iterum
796 549 885 601 (IV,
916 554 953 601 2,
985 552 1024 602 1)
1062 549 1248 605 proferat
1282 553 1296 600 (
1302 546 1341 591 οἱ
1370 548 1418 592 δὲ
1446 542 1777 604 Λακεδαιμόνιοι

249 621 340 665 ἐπεὶ
357 624 510 675 σαφῶς
525 618 717 676 ᾔσθοντο
745 617 800 663 τά
828 636 875 662 τε
903 617 1097 676 χρήματα
1126 616 1372 676 ἐληλυθότα
1400 620 1459 670 εἰς
1485 617 1564 675 τὴν
1582 614 1778 660 ‘macida

247 693 319 736 καὶ
342 688 420 744 τὰς
448 691 642 749 μεγίστας
667 686 815 743 πόλεις
840 690 1142 748 συνεστηκυίας
1169 690 1238 734 ἐπὶ
1263 690 1442 747 πολέμῳ
1466 686 1577 747 πρὸς
1600 684 1780 739 ἑαυτοὺς

247 767 356 819 κτλ.)
414 763 459 806 Si
487 777 629 806 veram
651 764 763 805 illius
792 763 891 806 belli
920 777 1090 805 causam
1117 776 1368 818 cognoscere
1390 762 1504 811 velis,
1534 761 1774 812 orationem,

248 850 375 892 quam
395 836 560 891 legatos
587 834 879 878 Thebanorum
908 835 953 877 in
994 834 1189 876 concione
1221 832 1534 876 Atheniensium
1573 832 1777 875 habentes

247 907 620 964 gravissimasque,
666 920 770 960 quas
801 904 1002 948 Graeciae
1038 905 1230 947 nationes
1265 919 1293 946 a
1322 904 1541 959 Spartanis
1574 903 1780 958 accepiss—

247 981 351 1029 sent,
381 977 556 1019 iniurias
581 982 623 1019 et
652 976 923 1019 contumelias
951 976 1078 1018 aliam
1105 980 1202 1031 post
1223 976 1353 1018 atiam
1377 978 1669 1018 enumerantes
1691 973 1771 1016 Xe-

245 1048 415 1105 nophon
432 1048 534 1091 facit
562 1048 651 1101 (III,
679 1051 715 1099 5,
735 1051 904 1100 8—15),
939 1048 1151 1103 inspicias.
1210 1047 1331 1099 Quod
1359 1046 1547 1088 homines
1570 1045 1780 1088 Lacedae·

245 1120 396 1163 moniis
426 1119 733 1169 infestissimos,
762 1119 924 1173 quibus,
956 1123 1004 1161 ut
1037 1119 1145 1162 infra
1173 1119 1427 1172 videbimusss,
1456 1119 1547 1173 ipse
1563 1131 1646 1160 non
1676 1117 1779 1159 mul·-

244 1195 335 1234 tum
364 1190 499 1240 favet,
542 1203 614 1232 eos
633 1194 879 1232 accusantes
920 1189 1107 1239 inducit,
1144 1190 1242 1232 inde
1273 1193 1473 1243 quantum
1502 1188 1603 1231 fidei
1633 1201 1776 1231 eorum

246 1261 604 1306 criminationibus
645 1262 821 1312 tribuat,
863 1262 1011 1304 coniici
1043 1262 1153 1305 licet.
1211 1261 1317 1304 Nam
1358 1262 1393 1303 si
1429 1265 1576 1304 auctor
1614 1274 1776 1312 causas,

245 1346 350 1387 quas
378 1333 440 1375 illi
469 1331 667 1383 afferunt,
706 1333 839 1374 iustas
869 1337 913 1375 et
942 1346 1063 1375 veras
1107 1332 1354 1382 iudicasset,
1393 1346 1466 1374 eas
1517 1332 1607 1374 loco
1642 1332 1778 1387 magis

246 1403 459 1447 commodo
490 1414 615 1458 quam
642 1404 687 1445 in
716 1403 902 1445 oratione
926 1404 1157 1446 adversarii
1187 1403 1419 1457 explicatas
1447 1402 1738 1445 inveniremus.

380 1475 476 1517 Jam
502 1489 630 1529 supra
654 1475 842 1526 vidimus,
873 1479 1033 1529 quanta
1059 1475 1104 1516 in
1134 1474 1365 1529 Spartanos
1393 1478 1523 1516 totam
1554 1474 1774 1516 Graeciam

244 1550 342 1602 post
360 1546 516 1590 bellum
543 1546 942 1601 Peloponnesiacum
985 1546 1078 1588 dira
1096 1545 1317 1600 tyrannide
1347 1545 1629 1601 opprimentes
1652 1549 1696 1588 et
1723 1558 1776 1588 ne

245 1619 370 1662 sociis
400 1619 578 1673 quidem,
609 1618 721 1672 quod
745 1619 966 1668 debebant,
997 1622 1261 1673 praestantes
1287 1623 1327 1669 ¹),
1356 1619 1421 1660 ira
1459 1623 1586 1673 atque
1618 1618 1776 1660 invidia

245 1690 434 1745 singulae
464 1691 653 1732 nationes
681 1688 952 1745 flagraverint
980 1689 1046 1743 (cf.
1074 1704 1116 1744 p.
1146 1694 1217 1740 24)
1292 1689 1405 1732 Dem.
1437 1689 1490 1732 de
1515 1704 1597 1733 cor.
1629 1705 1667 1745 p.
1691 1693 1773 1733 258

244 1761 469 1813 Euboeam,
500 1761 748 1817 Tanagram,
777 1766 909 1803 totam
933 1760 1165 1812 Boeotiam,
1205 1762 1399 1817 Megara,
1440 1762 1655 1816 Aeginam,
1684 1761 1775 1805 Cle·

244 1846 359 1883 onas,
390 1832 532 1887 plures
560 1832 719 1874 insulas
750 1831 1055 1887 Spartanorum
1084 1833 1306 1888 praesidiis
1344 1833 1387 1875 id
1417 1834 1570 1876 aetatis
1600 1845 1773 1887 occupa·

244 1907 311 1946 tas
354 1916 446 1945 esse
486 1907 644 1945 narrat.
705 1903 795 1953 Quo
834 1904 1034 1945 saevitiae
1072 1908 1198 1957 atque
1224 1904 1497 1945 immanitatis
1525 1904 1774 1956 harmostae,

244 1976 317 2031 qui
336 1978 548 2024 vocantur,
571 1976 862 2031 processerint,
885 1975 1075 2019 Clearchi
1087 1976 1245 2019 civitati
1260 1975 1515 2031 Byzantinae
1528 1990 1554 2018 a
1567 1975 1775 2019 Lacedae-

243 2048 393 2089 moniis
420 2047 622 2101 praefecti
643 2049 876 2102 exemplum
894 2049 997 2090 satis
1018 2048 1289 2095 demonstrat,
1321 2048 1433 2101 quod
1455 2049 1639 2090 invenies
1661 2049 1776 2103 apud

243 2118 363 2160 Diod.
395 2117 503 2168 XIV,
542 2123 606 2169 12,
640 2123 665 2160 a
693 2133 774 2172 quo
814 2123 1073 2174 quantopere
1113 2117 1347 2174 Xenophon
1384 2119 1429 2160 in
1456 2119 1568 2161 illius
1606 2119 1774 2175 ingenio

242 2190 510 2245 moribusque
539 2189 824 2233 describendis
856 2190 1086 2233 dissentiat
1109 2190 1297 2246 profecto
1320 2190 1468 2232 mirum
1498 2194 1573 2234 est.
1629 2191 1776 2247 Neque

245 2260 473 2315 quidquam
500 2260 852 2303 Lacedaemonios
882 2262 935 2304 ab
963 2262 1239 2305 immoderata
1269 2262 1504 2317 imperandi
1533 2263 1775 2318 cupididate

242 2332 453 2375 remisisse
481 2331 727 2374 documento
758 2336 824 2375 est
850 2333 1062 2387 expeditio
1090 2334 1203 2376 illius
1236 2334 1436 2388 temporis
1463 2337 1608 2377 contra
1636 2334 1775 2386 Eleos,

243 2416 369 2457 quam
405 2403 571 2458 copiose
598 2403 831 2459 Xenophon
859 2405 953 2457 (III,
985 2409 1023 2455 2,
1055 2409 1106 2446 21
1133 2432 1137 2435 -
1168 2409 1237 2451 31)
1279 2405 1461 2459 explicat
1488 2409 1549 2455 et,
1590 2405 1701 2460 quod
1730 2406 1775 2448 in

242 2487 293 2517 eo
320 2488 404 2517 non
432 2475 652 2525 miramur,
681 2475 803 2518 iustis
831 2475 884 2517 de
914 2476 1052 2519 causis
1083 2479 1323 2530 susceptam
1352 2475 1482 2518 fuisse
1513 2475 1625 2520 dicit.
1686 2477 1774 2520 Me-

242 2548 407 2588 moratu
456 2545 585 2601 digna
624 2549 721 2588 sunt
760 2550 803 2589 et
829 2547 958 2590 verba
1001 2546 1291 2602 Xenophontis
1330 2547 1412 2596 III,
1451 2551 1496 2597 2,
1536 2551 1610 2589 23:
1654 2545 1776 2600 ἔδοξε

242 2624 334 2668 τοῖς
377 2612 553 2672 ἐφόροις
583 2617 653 2660 καὶ
680 2621 733 2673 τῇ
771 2614 983 2676 ἐκκλησὶᾳ
1023 2618 1292 2673 σωφρονίσαι
1329 2613 1488 2669 αὐτούς
1529 2619 1636 2672 (seil.
1673 2616 1778 2670 τοὺς

241 2676 452 2739 Ἠλείους)
483 2692 525 2731 et
546 2689 658 2743 quod
671 2689 905 2734 Pausanias
932 2689 979 2741 V,
1006 2689 1044 2741 4',
1069 2694 1093 2733 5
1126 2690 1340 2733 victoriam
1359 2690 1567 2745 quandam
1591 2692 1646 2736 ab
1662 2692 1776 2738 Eleis

378 2799 403 2845 ¹)
438 2801 586 2837 Constat
627 2803 856 2838 vehementer
893 2802 1104 2846 Thebanos,
1148 2804 1233 2847 quia
1269 2804 1399 2839 iustam
1436 2814 1481 2840 ex
1520 2806 1697 2841 manubiis
1738 2806 1777 2842 in

244 2858 341 2896 bello
365 2860 671 2912 Peloponnesiaco
702 2862 806 2899 factis
841 2862 1043 2907 portionem
1078 2872 1153 2898 non
1183 2868 1417 2908 acceperant,
1449 2864 1619 2910 pristinos
1654 2865 1775 2910 socios

242 2918 372 2956 odisse.
1538 2919 1542 2923 ’
