1929 3200
815 186 1095 225 ..35-

186 300 326 357 pergit
349 302 518 343 auctor:
547 312 573 342 ο
600 295 640 342 δ’
668 312 723 341 av
745 297 874 354 Ιέραξ
899 293 978 347 τὰς
1004 295 1083 352 μὲν
1109 291 1243 347 ἄλλας
1265 299 1374 348 ναῦς
1406 294 1557 349 λαβὼν
1584 292 1717 341 πάλιν

188 370 307 415 ἔπλει
327 372 387 423 εἰς
413 367 572 415 Ρόδον.
629 370 760 414 Plura
786 369 912 413 huius
940 369 1108 425 generis
1135 370 1327 426 exempla
1363 368 1506 414 afferri
1530 373 1718 425 possunt,

189 443 266 488 sed
297 457 361 496 ea,
392 457 500 500 quae
525 442 650 488 attuli
665 475 675 495 ,
704 441 808 486 satis
843 440 1040 484 videntur
1078 440 1387 493 demonstrare,
1425 453 1552 497 quam
1588 441 1718 499 negli-

190 519 342 573 genter
372 530 513 560 rerum
542 515 812 560 cohaerentia
836 515 883 557 in
910 512 1152 566 Hellenicis,
1182 514 1327 570 qua-lia
1353 527 1464 557 nunc
1485 517 1604 567 sunt,
1634 527 1719 559 ser·

191 590 313 631 vetur
341 589 407 641 (ci.
439 586 679 631 Schneider.
710 585 767 630 ad
795 582 964 638 ἐξέπλει
988 584 1038 637 V,
1071 590 1107 637 1,
1140 588 1222 639 10).

323 657 559 714 Xenophon
584 657 687 714 quid
713 657 767 701 de
794 658 913 714 pacis
940 656 1274 710 conditionibus,
1316 671 1443 713 quam
1471 670 1546 701 rex
1573 657 1720 702 Persa·

189 744 283 774 rum
309 729 483 774 Graecis
514 728 809 785 praescripsit,
838 728 1112 772 iudicandum
1140 729 1197 773 sit
1221 743 1306 773 non
1331 729 1443 773 dicit.
1501 728 1721 781 Quodcun-

190 815 272 855 que
323 801 412 843 eius
454 800 668 844 Laconum
715 799 903 843 studium
942 804 1059 853 erat,
1094 801 1164 844 vix
1198 800 1315 844 illam
1350 799 1513 844 cladem
1550 800 1723 856 eiusque

190 874 405 923 auctores,
448 871 521 926 qui
561 884 707 927 regem
745 871 972 916 Persarum
1012 871 1185 916 Graecis
1216 870 1356 915 adhuc
1391 870 1722 915 inimicissimum

190 943 397 986 arbitrum
423 955 565 985 rerum
593 942 852 986 Graecarum
892 943 1110 999 elegerant
1123 978 1133 995 ,
1172 943 1227 987 ab
1265 955 1314 986 eo
1328 974 1338 993 ,
1377 942 1450 997 qui
1486 941 1642 985 bellum
1676 943 1723 986 in

189 1014 355 1058 hostem
383 1013 611 1070 superbum
635 1013 810 1059 Graecis
847 1028 1062 1070 nunquam
1096 1013 1388 1071 deponendum
1425 1027 1518 1057 esse
1556 1015 1721 1073 praedi·

190 1088 370 1136 caverat,
399 1084 568 1128 laudari
593 1085 784 1141 potuisse
805 1084 999 1129 arbitror.
1058 1084 1141 1128 Sed
1166 1085 1219 1128 de
1239 1083 1531 1141 Xenophontis
1559 1088 1722 1129 senten-

190 1157 253 1200 tia
280 1155 385 1199 certi
412 1155 575 1211 aliquid
604 1169 657 1199 ex
683 1155 912 1200 Hellenicis
941 1156 1130 1199 evincere
1156 1169 1241 1199 non
1267 1168 1517 1211 possumus,
1543 1155 1624 1200 hoc
1652 1170 1721 1201 ne-

191 1227 346 1271 minem
373 1226 495 1283 fugit,
520 1224 630 1280 rem,
659 1240 770 1283 quae
807 1227 1009 1283 plurimas
1041 1228 1087 1270 in
1120 1226 1306 1270 historiis
1345 1226 1599 1272 Graecorum
1637 1242 1723 1271 mo-

190 1301 345 1350 mento,
376 1297 490 1354 quod
517 1298 564 1341 in
591 1312 643 1343 ea
666 1301 780 1352 erat,
810 1298 933 1343 facile
960 1298 1183 1351 antecedit,
1222 1299 1337 1343 velut
1361 1312 1489 1343 unam
1518 1313 1542 1343 e
1579 1299 1722 1344 multis

191 1371 359 1414 illorum
397 1373 633 1424 temporum
674 1370 1031 1414 vicissitudinibus
1057 1384 1193 1425 neque
1221 1371 1458 1414 accuratius
1497 1384 1634 1426 neque
1660 1371 1723 1414 ita

194 1442 249 1486 ab
279 1443 452 1485 auctore
479 1440 656 1494 narrari,
684 1444 734 1484 ut
761 1443 963 1497 quantum
999 1441 1205 1494 rationes,
1244 1455 1352 1497 quae
1379 1441 1491 1485 inter
1531 1442 1722 1486 civitates

195 1513 380 1569 Graecas
390 1511 530 1556 adhuc
546 1512 884 1564 intercesserunt,
902 1512 1193 1566 immutaverit,
1214 1515 1431 1569 appareat.
1488 1513 1723 1570 Xenophon

195 1584 373 1627 multum
396 1583 597 1627 abhorret
620 1598 648 1627 a
674 1582 916 1627 vehemente
941 1584 1008 1627 ira
1037 1586 1165 1639 atque
1179 1583 1491 1640 indignatione,
1522 1598 1606 1640 qua
1628 1598 1723 1640 pos-

195 1656 290 1707 teri,
319 1658 369 1698 ut
395 1656 603 1699 Isocrates
636 1657 778 1699 orator
814 1655 984 1711 (Paneg.
1014 1669 1055 1710 p.
1086 1658 1184 1708 211)
1222 1658 1265 1698 et
1291 1654 1415 1698 Plato
1448 1655 1723 1712 philosophus

197 1727 376 1782 (Menex.
401 1741 441 1782 p.
474 1730 555 1768 245
584 1726 644 1783 d.)
670 1727 716 1769 in
749 1728 941 1770 auctores
979 1726 1097 1781 pacis
1142 1726 1392 1783 flagrabant.
1450 1726 1514 1770 Ne
1551 1727 1597 1770 id
1635 1727 1723 1783 qui·

198 1799 294 1842 dem
317 1798 624 1851 animadvertit,
645 1812 771 1853 quam
795 1797 901 1841 nihil
929 1797 1174 1853 Agesilaus,
1214 1797 1347 1841 hostis
1374 1798 1598 1843 Persarum
1625 1798 1724 1842 olim

197 1869 405 1925 capitalis,
435 1882 558 1925 quem
587 1869 649 1913 ita
677 1868 860 1922 amabat,
890 1881 1018 1924 quum
1054 1868 1239 1925 reliquas
1267 1868 1469 1914 Graeciae
1505 1872 1651 1927 gentes
1678 1870 1724 1913 in

196 1942 345 1985 foedus
376 1941 590 1985 Persicum
628 1941 828 1997 adigendi
863 1941 970 1984 adeo
1011 1942 1187 1997 cupidus
1226 1946 1339 1985 esset
1380 1942 1448 1997 (cf.
1481 1942 1530 1993 V,
1562 1947 1599 1994 1,
1637 1944 1723 1994 32),

199 2013 281 2057 sibi
309 2015 531 2057 constaret.
590 2012 684 2056 Non
712 2014 778 2056 est
803 2011 1094 2068 Xenophontis
1123 2012 1310 2069 singulas
1334 2026 1403 2056 res
1421 2015 1560 2056 mente
1589 2015 1632 2056 et
1659 2025 1724 2056 co-

198 2084 402 2140 gitatione
427 2085 627 2128 acerrime
665 2084 940 2139 contemplari
968 2097 1019 2127 ac
1052 2083 1332 2141 perpendere,
1368 2085 1413 2127 in
1456 2085 1561 2140 ipsis
1597 2084 1723 2128 rebus

197 2157 373 2200 haerere
401 2157 507 2200 solet
531 2170 667 2213 neque
693 2170 821 2212 quam
847 2155 933 2199 late
970 2155 1033 2198 vis
1069 2169 1120 2199 ac
1155 2159 1409 2200 momentum
1447 2170 1590 2200 earum
1631 2170 1723 2212 per-

196 2229 344 2279 tineat,
365 2228 575 2284 inquirere
604 2232 647 2272 et
675 2228 886 2283 explicare
914 2227 1067 2270 studet.

333 2299 425 2343 Hoc
438 2300 589 2344 iterum
602 2315 654 2345 ex
667 2300 845 2352 ratione,
873 2313 1039 2355 quares
1053 2298 1403 2344 Mantineensium
1430 2300 1634 2357 exposuit,
1660 2299 1724 2343 in-

198 2371 471 2427 telligendum
499 2375 576 2416 est.
633 2374 683 2415 In
712 2372 863 2422 causiS,
894 2369 947 2413 de
978 2370 1129 2425 quibus
1142 2371 1464 2414 Lacedaemonii
1484 2372 1724 2415 Mantineae

196 2442 353 2487 bellum
380 2443 620 2497 intulerunt,
648 2442 909 2499 explicandis
934 2455 1018 2493 eos,
1039 2442 1196 2499 quippe
1214 2443 1287 2499 qui
1312 2443 1532 2487 levissimis
1554 2443 1725 2500 impulsi

197 2514 455 2558 conditiones
483 2514 600 2570 pacis
624 2514 749 2558 modo
787 2514 1034 2558 conciliatae
1070 2514 1177 2558 adeo
1210 2514 1316 2558 nihil
1353 2518 1567 2568 curarent,
1604 2514 1725 2559 vehe—

195 2588 359 2629 menter
385 2584 636 2640 reprehendi
660 2586 755 2642 quis
784 2589 851 2629 est
880 2586 981 2641 quin
1008 2588 1226 2641 expectet?
1284 2585 1368 2629 Sed
1392 2586 1498 2629 nihil
1521 2586 1725 2630 eiusmodi

194 2657 361 2713 legitur.
417 2656 667 2713 Xenophon,
696 2672 820 2713 quem
855 2656 1136 2700 multitudinis
1172 2658 1349 2714 imperio
1384 2657 1553 2702 mimine
1583 2658 1726 2702 favere

197 2728 364 2780 scimus,
392 2727 745 2774 Lacedaemonios
780 2743 908 2785 quum
933 2728 1193 2773 Mantineam
1230 2728 1431 2786 oppidum
1463 2729 1508 2772 in
1544 2732 1725 2785 quatuor

196 2800 309 2843 vicos
344 2799 524 2843 distrahi
551 2800 745 2845 iuberent
780 2802 1047 2856 virorumque
1083 2800 1349 2856 popularium
1385 2800 1564 2857 imperio
1599 2800 1725 2846 finem

198 2870 473 2928 imponerent,
497 2884 695 2929 magnum
717 2871 966 2918 beneficium
994 2871 1158 2916 miseris
1183 2871 1331 2917 incolis
1357 2870 1573 2916 addidisse
1594 2874 1723 2929 atque

1781 11 1785 15 .
1799 4 1913 31 „fliz-,ff

199 2942 261 2986 ita
287 2943 366 2986 hos
391 2944 509 2999 ipsos
527 2945 709 2988 sensisse
735 2945 907 2998 iudicat,
935 2959 1020 2989 non
1046 2958 1214 2997 memor,
1244 2958 1369 2999 quam
1393 2944 1585 2987 celeriter
1610 2943 1726 2995 urbs,
1802 2944 1810 2947 ’
